%YAML 1.1
%TAG !u! tag:unity3d.com,2011:
--- !u!29 &1
OcclusionCullingSettings:
  m_ObjectHideFlags: 0
  serializedVersion: 2
  m_OcclusionBakeSettings:
    smallestOccluder: 5
    smallestHole: 0.25
    backfaceThreshold: 100
  m_SceneGUID: 00000000000000000000000000000000
  m_OcclusionCullingData: {fileID: 0}
--- !u!104 &2
RenderSettings:
  m_ObjectHideFlags: 0
  serializedVersion: 9
  m_Fog: 0
  m_FogColor: {r: 0.5, g: 0.5, b: 0.5, a: 1}
  m_FogMode: 3
  m_FogDensity: 0.01
  m_LinearFogStart: 0
  m_LinearFogEnd: 300
  m_AmbientSkyColor: {r: 0.212, g: 0.227, b: 0.259, a: 1}
  m_AmbientEquatorColor: {r: 0.114, g: 0.125, b: 0.133, a: 1}
  m_AmbientGroundColor: {r: 0.047, g: 0.043, b: 0.035, a: 1}
  m_AmbientIntensity: 1
  m_AmbientMode: 0
  m_SubtractiveShadowColor: {r: 0.42, g: 0.478, b: 0.627, a: 1}
  m_SkyboxMaterial: {fileID: 10304, guid: 0000000000000000f000000000000000, type: 0}
  m_HaloStrength: 0.5
  m_FlareStrength: 1
  m_FlareFadeSpeed: 3
  m_HaloTexture: {fileID: 0}
  m_SpotCookie: {fileID: 10001, guid: 0000000000000000e000000000000000, type: 0}
  m_DefaultReflectionMode: 0
  m_DefaultReflectionResolution: 128
  m_ReflectionBounces: 1
  m_ReflectionIntensity: 1
  m_CustomReflection: {fileID: 0}
  m_Sun: {fileID: 0}
  m_IndirectSpecularColor: {r: 0.18028352, g: 0.22571376, b: 0.30692244, a: 1}
  m_UseRadianceAmbientProbe: 0
--- !u!157 &3
LightmapSettings:
  m_ObjectHideFlags: 0
  serializedVersion: 12
  m_GIWorkflowMode: 1
  m_GISettings:
    serializedVersion: 2
    m_BounceScale: 1
    m_IndirectOutputScale: 1
    m_AlbedoBoost: 1
    m_EnvironmentLightingMode: 0
    m_EnableBakedLightmaps: 1
    m_EnableRealtimeLightmaps: 0
  m_LightmapEditorSettings:
    serializedVersion: 12
    m_Resolution: 2
    m_BakeResolution: 40
    m_AtlasSize: 1024
    m_AO: 0
    m_AOMaxDistance: 1
    m_CompAOExponent: 1
    m_CompAOExponentDirect: 0
    m_ExtractAmbientOcclusion: 0
    m_Padding: 2
    m_LightmapParameters: {fileID: 0}
    m_LightmapsBakeMode: 1
    m_TextureCompression: 1
    m_FinalGather: 0
    m_FinalGatherFiltering: 1
    m_FinalGatherRayCount: 256
    m_ReflectionCompression: 2
    m_MixedBakeMode: 2
    m_BakeBackend: 1
    m_PVRSampling: 1
    m_PVRDirectSampleCount: 32
    m_PVRSampleCount: 512
    m_PVRBounces: 2
    m_PVREnvironmentSampleCount: 256
    m_PVREnvironmentReferencePointCount: 2048
    m_PVRFilteringMode: 1
    m_PVRDenoiserTypeDirect: 1
    m_PVRDenoiserTypeIndirect: 1
    m_PVRDenoiserTypeAO: 1
    m_PVRFilterTypeDirect: 0
    m_PVRFilterTypeIndirect: 0
    m_PVRFilterTypeAO: 0
    m_PVREnvironmentMIS: 1
    m_PVRCulling: 1
    m_PVRFilteringGaussRadiusDirect: 1
    m_PVRFilteringGaussRadiusIndirect: 5
    m_PVRFilteringGaussRadiusAO: 2
    m_PVRFilteringAtrousPositionSigmaDirect: 0.5
    m_PVRFilteringAtrousPositionSigmaIndirect: 2
    m_PVRFilteringAtrousPositionSigmaAO: 1
    m_ExportTrainingData: 0
    m_TrainingDataDestination: TrainingData
    m_LightProbeSampleCountMultiplier: 4
  m_LightingDataAsset: {fileID: 0}
  m_LightingSettings: {fileID: 0}
--- !u!196 &4
NavMeshSettings:
  serializedVersion: 2
  m_ObjectHideFlags: 0
  m_BuildSettings:
    serializedVersion: 2
    agentTypeID: 0
    agentRadius: 0.5
    agentHeight: 2
    agentSlope: 45
    agentClimb: 0.4
    ledgeDropHeight: 0
    maxJumpAcrossDistance: 0
    minRegionArea: 2
    manualCellSize: 0
    cellSize: 0.16666667
    manualTileSize: 0
    tileSize: 256
    accuratePlacement: 0
    maxJobWorkers: 0
    preserveTilesOutsideBounds: 0
    debug:
      m_Flags: 0
  m_NavMeshData: {fileID: 0}
--- !u!1001 &139845275
PrefabInstance:
  m_ObjectHideFlags: 0
  serializedVersion: 2
  m_Modification:
    m_TransformParent: {fileID: 1714138583}
    m_Modifications:
    - target: {fileID: 6719758636388770996, guid: cced0a68ef9904f468b756049396c021, type: 3}
      propertyPath: m_RootOrder
      value: 1
      objectReference: {fileID: 0}
    - target: {fileID: 6719758636388770996, guid: cced0a68ef9904f468b756049396c021, type: 3}
      propertyPath: m_LocalScale.y
      value: 0.10000001
      objectReference: {fileID: 0}
    - target: {fileID: 6719758636388770996, guid: cced0a68ef9904f468b756049396c021, type: 3}
      propertyPath: m_LocalPosition.x
      value: 8.61651
      objectReference: {fileID: 0}
    - target: {fileID: 6719758636388770996, guid: cced0a68ef9904f468b756049396c021, type: 3}
      propertyPath: m_LocalPosition.y
      value: -9.192288
      objectReference: {fileID: 0}
    - target: {fileID: 6719758636388770996, guid: cced0a68ef9904f468b756049396c021, type: 3}
      propertyPath: m_LocalPosition.z
      value: 1.1840098
      objectReference: {fileID: 0}
    - target: {fileID: 6719758636388770996, guid: cced0a68ef9904f468b756049396c021, type: 3}
      propertyPath: m_LocalRotation.w
      value: 0.7071068
      objectReference: {fileID: 0}
    - target: {fileID: 6719758636388770996, guid: cced0a68ef9904f468b756049396c021, type: 3}
      propertyPath: m_LocalRotation.x
      value: 0.7071068
      objectReference: {fileID: 0}
    - target: {fileID: 6719758636388770996, guid: cced0a68ef9904f468b756049396c021, type: 3}
      propertyPath: m_LocalRotation.y
      value: -0
      objectReference: {fileID: 0}
    - target: {fileID: 6719758636388770996, guid: cced0a68ef9904f468b756049396c021, type: 3}
      propertyPath: m_LocalRotation.z
      value: -0
      objectReference: {fileID: 0}
    - target: {fileID: 6719758636388770996, guid: cced0a68ef9904f468b756049396c021, type: 3}
      propertyPath: m_LocalEulerAnglesHint.x
      value: 90
      objectReference: {fileID: 0}
    - target: {fileID: 6719758636388770996, guid: cced0a68ef9904f468b756049396c021, type: 3}
      propertyPath: m_LocalEulerAnglesHint.y
      value: 0
      objectReference: {fileID: 0}
    - target: {fileID: 6719758636388770996, guid: cced0a68ef9904f468b756049396c021, type: 3}
      propertyPath: m_LocalEulerAnglesHint.z
      value: 0
      objectReference: {fileID: 0}
    - target: {fileID: 6719758636388771006, guid: cced0a68ef9904f468b756049396c021, type: 3}
      propertyPath: m_Name
      value: CoinItem (8)
      objectReference: {fileID: 0}
    m_RemovedComponents: []
  m_SourcePrefab: {fileID: 100100000, guid: cced0a68ef9904f468b756049396c021, type: 3}
--- !u!4 &139845276 stripped
Transform:
  m_CorrespondingSourceObject: {fileID: 6719758636388770996, guid: cced0a68ef9904f468b756049396c021, type: 3}
  m_PrefabInstance: {fileID: 139845275}
  m_PrefabAsset: {fileID: 0}
--- !u!1001 &158226095
PrefabInstance:
  m_ObjectHideFlags: 0
  serializedVersion: 2
  m_Modification:
    m_TransformParent: {fileID: 0}
    m_Modifications:
    - target: {fileID: 1249508876161823468, guid: d8dd705b5d428dd46923e5f07d9398bb, type: 3}
      propertyPath: m_Name
      value: Cylinder (2)
      objectReference: {fileID: 0}
    - target: {fileID: 4435105293212287604, guid: d8dd705b5d428dd46923e5f07d9398bb, type: 3}
      propertyPath: m_RootOrder
      value: 1
      objectReference: {fileID: 0}
    - target: {fileID: 4435105293212287604, guid: d8dd705b5d428dd46923e5f07d9398bb, type: 3}
      propertyPath: m_LocalPosition.x
      value: 14.169727
      objectReference: {fileID: 0}
    - target: {fileID: 4435105293212287604, guid: d8dd705b5d428dd46923e5f07d9398bb, type: 3}
      propertyPath: m_LocalPosition.y
      value: 3.960948
      objectReference: {fileID: 0}
    - target: {fileID: 4435105293212287604, guid: d8dd705b5d428dd46923e5f07d9398bb, type: 3}
      propertyPath: m_LocalPosition.z
      value: 2.004507
      objectReference: {fileID: 0}
    - target: {fileID: 4435105293212287604, guid: d8dd705b5d428dd46923e5f07d9398bb, type: 3}
      propertyPath: m_LocalRotation.w
      value: 1
      objectReference: {fileID: 0}
    - target: {fileID: 4435105293212287604, guid: d8dd705b5d428dd46923e5f07d9398bb, type: 3}
      propertyPath: m_LocalRotation.x
      value: 0
      objectReference: {fileID: 0}
    - target: {fileID: 4435105293212287604, guid: d8dd705b5d428dd46923e5f07d9398bb, type: 3}
      propertyPath: m_LocalRotation.y
      value: 0
      objectReference: {fileID: 0}
    - target: {fileID: 4435105293212287604, guid: d8dd705b5d428dd46923e5f07d9398bb, type: 3}
      propertyPath: m_LocalRotation.z
      value: 0
      objectReference: {fileID: 0}
    - target: {fileID: 4435105293212287604, guid: d8dd705b5d428dd46923e5f07d9398bb, type: 3}
      propertyPath: m_LocalEulerAnglesHint.x
      value: 0
      objectReference: {fileID: 0}
    - target: {fileID: 4435105293212287604, guid: d8dd705b5d428dd46923e5f07d9398bb, type: 3}
      propertyPath: m_LocalEulerAnglesHint.y
      value: 0
      objectReference: {fileID: 0}
    - target: {fileID: 4435105293212287604, guid: d8dd705b5d428dd46923e5f07d9398bb, type: 3}
      propertyPath: m_LocalEulerAnglesHint.z
      value: 0
      objectReference: {fileID: 0}
    - target: {fileID: 7344487907308378477, guid: d8dd705b5d428dd46923e5f07d9398bb, type: 3}
      propertyPath: m_ItemType
      value: 3
      objectReference: {fileID: 0}
    m_RemovedComponents: []
  m_SourcePrefab: {fileID: 100100000, guid: d8dd705b5d428dd46923e5f07d9398bb, type: 3}
--- !u!1 &165596442
GameObject:
  m_ObjectHideFlags: 0
  m_CorrespondingSourceObject: {fileID: 0}
  m_PrefabInstance: {fileID: 0}
  m_PrefabAsset: {fileID: 0}
  serializedVersion: 6
  m_Component:
  - component: {fileID: 165596445}
  - component: {fileID: 165596444}
  - component: {fileID: 165596443}
  - component: {fileID: 165596446}
  m_Layer: 0
  m_Name: Main Camera
  m_TagString: MainCamera
  m_Icon: {fileID: 0}
  m_NavMeshLayer: 0
  m_StaticEditorFlags: 0
  m_IsActive: 1
--- !u!81 &165596443
AudioListener:
  m_ObjectHideFlags: 0
  m_CorrespondingSourceObject: {fileID: 0}
  m_PrefabInstance: {fileID: 0}
  m_PrefabAsset: {fileID: 0}
  m_GameObject: {fileID: 165596442}
  m_Enabled: 1
--- !u!20 &165596444
Camera:
  m_ObjectHideFlags: 0
  m_CorrespondingSourceObject: {fileID: 0}
  m_PrefabInstance: {fileID: 0}
  m_PrefabAsset: {fileID: 0}
  m_GameObject: {fileID: 165596442}
  m_Enabled: 1
  serializedVersion: 2
  m_ClearFlags: 1
  m_BackGroundColor: {r: 0.19215687, g: 0.3019608, b: 0.4745098, a: 0}
  m_projectionMatrixMode: 1
  m_GateFitMode: 2
  m_FOVAxisMode: 0
  m_SensorSize: {x: 36, y: 24}
  m_LensShift: {x: 0, y: 0}
  m_FocalLength: 50
  m_NormalizedViewPortRect:
    serializedVersion: 2
    x: 0
    y: 0
    width: 1
    height: 1
  near clip plane: 0.3
  far clip plane: 1000
  field of view: 60
  orthographic: 0
  orthographic size: 5
  m_Depth: -1
  m_CullingMask:
    serializedVersion: 2
    m_Bits: 4294967295
  m_RenderingPath: -1
  m_TargetTexture: {fileID: 0}
  m_TargetDisplay: 0
  m_TargetEye: 3
  m_HDR: 1
  m_AllowMSAA: 1
  m_AllowDynamicResolution: 0
  m_ForceIntoRT: 0
  m_OcclusionCulling: 1
  m_StereoConvergence: 10
  m_StereoSeparation: 0.022
--- !u!4 &165596445
Transform:
  m_ObjectHideFlags: 0
  m_CorrespondingSourceObject: {fileID: 0}
  m_PrefabInstance: {fileID: 0}
  m_PrefabAsset: {fileID: 0}
  m_GameObject: {fileID: 165596442}
  m_LocalRotation: {x: 0.31188405, y: -0.00000002311975, z: 0.000000007589231, w: 0.9501202}
  m_LocalPosition: {x: 5.143498, y: 7.37, z: -3.1431262}
  m_LocalScale: {x: 1, y: 1, z: 1}
  m_ConstrainProportionsScale: 0
  m_Children: []
  m_Father: {fileID: 0}
  m_RootOrder: 0
  m_LocalEulerAnglesHint: {x: 0, y: 0, z: 0}
--- !u!114 &165596446
MonoBehaviour:
  m_ObjectHideFlags: 0
  m_CorrespondingSourceObject: {fileID: 0}
  m_PrefabInstance: {fileID: 0}
  m_PrefabAsset: {fileID: 0}
  m_GameObject: {fileID: 165596442}
  m_Enabled: 1
  m_EditorHideFlags: 0
  m_Script: {fileID: 11500000, guid: 72ece51f2901e7445ab60da3685d6b5f, type: 3}
  m_Name: 
  m_EditorClassIdentifier: 
  m_ShowDebugText: 0
  m_ShowCameraFrustum: 1
  m_IgnoreTimeScale: 0
  m_WorldUpOverride: {fileID: 0}
  m_UpdateMethod: 2
  m_BlendUpdateMethod: 1
  m_DefaultBlend:
    m_Style: 1
    m_Time: 2
    m_CustomCurve:
      serializedVersion: 2
      m_Curve: []
      m_PreInfinity: 2
      m_PostInfinity: 2
      m_RotationOrder: 4
  m_CustomBlends: {fileID: 0}
  m_CameraCutEvent:
    m_PersistentCalls:
      m_Calls: []
  m_CameraActivatedEvent:
    m_PersistentCalls:
      m_Calls: []
--- !u!1001 &189092398
PrefabInstance:
  m_ObjectHideFlags: 0
  serializedVersion: 2
  m_Modification:
    m_TransformParent: {fileID: 1714138583}
    m_Modifications:
    - target: {fileID: 6719758636388770996, guid: cced0a68ef9904f468b756049396c021, type: 3}
      propertyPath: m_RootOrder
      value: 3
      objectReference: {fileID: 0}
    - target: {fileID: 6719758636388770996, guid: cced0a68ef9904f468b756049396c021, type: 3}
      propertyPath: m_LocalScale.y
      value: 0.10000001
      objectReference: {fileID: 0}
    - target: {fileID: 6719758636388770996, guid: cced0a68ef9904f468b756049396c021, type: 3}
      propertyPath: m_LocalPosition.x
      value: 1.9624863
      objectReference: {fileID: 0}
    - target: {fileID: 6719758636388770996, guid: cced0a68ef9904f468b756049396c021, type: 3}
      propertyPath: m_LocalPosition.y
      value: -9.192288
      objectReference: {fileID: 0}
    - target: {fileID: 6719758636388770996, guid: cced0a68ef9904f468b756049396c021, type: 3}
      propertyPath: m_LocalPosition.z
      value: 5.657008
      objectReference: {fileID: 0}
    - target: {fileID: 6719758636388770996, guid: cced0a68ef9904f468b756049396c021, type: 3}
      propertyPath: m_LocalRotation.w
      value: 0.7071068
      objectReference: {fileID: 0}
    - target: {fileID: 6719758636388770996, guid: cced0a68ef9904f468b756049396c021, type: 3}
      propertyPath: m_LocalRotation.x
      value: 0.7071068
      objectReference: {fileID: 0}
    - target: {fileID: 6719758636388770996, guid: cced0a68ef9904f468b756049396c021, type: 3}
      propertyPath: m_LocalRotation.y
      value: -0
      objectReference: {fileID: 0}
    - target: {fileID: 6719758636388770996, guid: cced0a68ef9904f468b756049396c021, type: 3}
      propertyPath: m_LocalRotation.z
      value: -0
      objectReference: {fileID: 0}
    - target: {fileID: 6719758636388770996, guid: cced0a68ef9904f468b756049396c021, type: 3}
      propertyPath: m_LocalEulerAnglesHint.x
      value: 90
      objectReference: {fileID: 0}
    - target: {fileID: 6719758636388770996, guid: cced0a68ef9904f468b756049396c021, type: 3}
      propertyPath: m_LocalEulerAnglesHint.y
      value: 0
      objectReference: {fileID: 0}
    - target: {fileID: 6719758636388770996, guid: cced0a68ef9904f468b756049396c021, type: 3}
      propertyPath: m_LocalEulerAnglesHint.z
      value: 0
      objectReference: {fileID: 0}
    - target: {fileID: 6719758636388771006, guid: cced0a68ef9904f468b756049396c021, type: 3}
      propertyPath: m_Name
      value: CoinItem (6)
      objectReference: {fileID: 0}
    m_RemovedComponents: []
  m_SourcePrefab: {fileID: 100100000, guid: cced0a68ef9904f468b756049396c021, type: 3}
--- !u!4 &189092399 stripped
Transform:
  m_CorrespondingSourceObject: {fileID: 6719758636388770996, guid: cced0a68ef9904f468b756049396c021, type: 3}
  m_PrefabInstance: {fileID: 189092398}
  m_PrefabAsset: {fileID: 0}
--- !u!1 &261292105
GameObject:
  m_ObjectHideFlags: 0
  m_CorrespondingSourceObject: {fileID: 0}
  m_PrefabInstance: {fileID: 0}
  m_PrefabAsset: {fileID: 0}
  serializedVersion: 6
  m_Component:
  - component: {fileID: 261292107}
  - component: {fileID: 261292106}
  m_Layer: 0
  m_Name: Prefab Launcher (1)
  m_TagString: Untagged
  m_Icon: {fileID: 0}
  m_NavMeshLayer: 0
  m_StaticEditorFlags: 0
  m_IsActive: 1
--- !u!114 &261292106
MonoBehaviour:
  m_ObjectHideFlags: 0
  m_CorrespondingSourceObject: {fileID: 0}
  m_PrefabInstance: {fileID: 0}
  m_PrefabAsset: {fileID: 0}
  m_GameObject: {fileID: 261292105}
  m_Enabled: 1
  m_EditorHideFlags: 0
  m_Script: {fileID: 11500000, guid: e1de2f87c16dd4f45bf2a40350711261, type: 3}
  m_Name: 
  m_EditorClassIdentifier: 
  m_Interval: 1.2
  m_PrefabToBeLaunched: {fileID: 6504829774250872069, guid: a1453041bd11dc64cb42d23185535b84, type: 3}
  m_Power: 10
--- !u!4 &261292107
Transform:
  m_ObjectHideFlags: 0
  m_CorrespondingSourceObject: {fileID: 0}
  m_PrefabInstance: {fileID: 0}
  m_PrefabAsset: {fileID: 0}
  m_GameObject: {fileID: 261292105}
  m_LocalRotation: {x: 0, y: 0, z: 0, w: 1}
  m_LocalPosition: {x: 8.22, y: 4.58, z: 7.61}
  m_LocalScale: {x: 1, y: 1, z: 1}
  m_ConstrainProportionsScale: 0
  m_Children: []
  m_Father: {fileID: 0}
  m_RootOrder: 11
  m_LocalEulerAnglesHint: {x: 0, y: 0, z: 0}
--- !u!1001 &297686933
PrefabInstance:
  m_ObjectHideFlags: 0
  serializedVersion: 2
  m_Modification:
    m_TransformParent: {fileID: 1714138583}
    m_Modifications:
    - target: {fileID: 6719758636388770996, guid: cced0a68ef9904f468b756049396c021, type: 3}
      propertyPath: m_RootOrder
      value: 7
      objectReference: {fileID: 0}
    - target: {fileID: 6719758636388770996, guid: cced0a68ef9904f468b756049396c021, type: 3}
      propertyPath: m_LocalScale.y
      value: 0.10000001
      objectReference: {fileID: 0}
    - target: {fileID: 6719758636388770996, guid: cced0a68ef9904f468b756049396c021, type: 3}
      propertyPath: m_LocalPosition.x
      value: -4.622818
      objectReference: {fileID: 0}
    - target: {fileID: 6719758636388770996, guid: cced0a68ef9904f468b756049396c021, type: 3}
      propertyPath: m_LocalPosition.y
      value: -9.192287
      objectReference: {fileID: 0}
    - target: {fileID: 6719758636388770996, guid: cced0a68ef9904f468b756049396c021, type: 3}
      propertyPath: m_LocalPosition.z
      value: 12.936932
      objectReference: {fileID: 0}
    - target: {fileID: 6719758636388770996, guid: cced0a68ef9904f468b756049396c021, type: 3}
      propertyPath: m_LocalRotation.w
      value: 0.7071068
      objectReference: {fileID: 0}
    - target: {fileID: 6719758636388770996, guid: cced0a68ef9904f468b756049396c021, type: 3}
      propertyPath: m_LocalRotation.x
      value: 0.7071068
      objectReference: {fileID: 0}
    - target: {fileID: 6719758636388770996, guid: cced0a68ef9904f468b756049396c021, type: 3}
      propertyPath: m_LocalRotation.y
      value: -0
      objectReference: {fileID: 0}
    - target: {fileID: 6719758636388770996, guid: cced0a68ef9904f468b756049396c021, type: 3}
      propertyPath: m_LocalRotation.z
      value: -0
      objectReference: {fileID: 0}
    - target: {fileID: 6719758636388770996, guid: cced0a68ef9904f468b756049396c021, type: 3}
      propertyPath: m_LocalEulerAnglesHint.x
      value: 90
      objectReference: {fileID: 0}
    - target: {fileID: 6719758636388770996, guid: cced0a68ef9904f468b756049396c021, type: 3}
      propertyPath: m_LocalEulerAnglesHint.y
      value: 0
      objectReference: {fileID: 0}
    - target: {fileID: 6719758636388770996, guid: cced0a68ef9904f468b756049396c021, type: 3}
      propertyPath: m_LocalEulerAnglesHint.z
      value: 0
      objectReference: {fileID: 0}
    - target: {fileID: 6719758636388771006, guid: cced0a68ef9904f468b756049396c021, type: 3}
      propertyPath: m_Name
      value: CoinItem (2)
      objectReference: {fileID: 0}
    m_RemovedComponents: []
  m_SourcePrefab: {fileID: 100100000, guid: cced0a68ef9904f468b756049396c021, type: 3}
--- !u!4 &297686934 stripped
Transform:
  m_CorrespondingSourceObject: {fileID: 6719758636388770996, guid: cced0a68ef9904f468b756049396c021, type: 3}
  m_PrefabInstance: {fileID: 297686933}
  m_PrefabAsset: {fileID: 0}
--- !u!1001 &342507331
PrefabInstance:
  m_ObjectHideFlags: 0
  serializedVersion: 2
  m_Modification:
    m_TransformParent: {fileID: 1714138583}
    m_Modifications:
    - target: {fileID: 6719758636388770996, guid: cced0a68ef9904f468b756049396c021, type: 3}
      propertyPath: m_RootOrder
      value: 8
      objectReference: {fileID: 0}
    - target: {fileID: 6719758636388770996, guid: cced0a68ef9904f468b756049396c021, type: 3}
      propertyPath: m_LocalScale.y
      value: 0.10000001
      objectReference: {fileID: 0}
    - target: {fileID: 6719758636388770996, guid: cced0a68ef9904f468b756049396c021, type: 3}
      propertyPath: m_LocalPosition.x
      value: 0.52042484
      objectReference: {fileID: 0}
    - target: {fileID: 6719758636388770996, guid: cced0a68ef9904f468b756049396c021, type: 3}
      propertyPath: m_LocalPosition.y
      value: -9.192288
      objectReference: {fileID: 0}
    - target: {fileID: 6719758636388770996, guid: cced0a68ef9904f468b756049396c021, type: 3}
      propertyPath: m_LocalPosition.z
      value: 15.228269
      objectReference: {fileID: 0}
    - target: {fileID: 6719758636388770996, guid: cced0a68ef9904f468b756049396c021, type: 3}
      propertyPath: m_LocalRotation.w
      value: 0.7071068
      objectReference: {fileID: 0}
    - target: {fileID: 6719758636388770996, guid: cced0a68ef9904f468b756049396c021, type: 3}
      propertyPath: m_LocalRotation.x
      value: 0.7071068
      objectReference: {fileID: 0}
    - target: {fileID: 6719758636388770996, guid: cced0a68ef9904f468b756049396c021, type: 3}
      propertyPath: m_LocalRotation.y
      value: -0
      objectReference: {fileID: 0}
    - target: {fileID: 6719758636388770996, guid: cced0a68ef9904f468b756049396c021, type: 3}
      propertyPath: m_LocalRotation.z
      value: -0
      objectReference: {fileID: 0}
    - target: {fileID: 6719758636388770996, guid: cced0a68ef9904f468b756049396c021, type: 3}
      propertyPath: m_LocalEulerAnglesHint.x
      value: 90
      objectReference: {fileID: 0}
    - target: {fileID: 6719758636388770996, guid: cced0a68ef9904f468b756049396c021, type: 3}
      propertyPath: m_LocalEulerAnglesHint.y
      value: 0
      objectReference: {fileID: 0}
    - target: {fileID: 6719758636388770996, guid: cced0a68ef9904f468b756049396c021, type: 3}
      propertyPath: m_LocalEulerAnglesHint.z
      value: 0
      objectReference: {fileID: 0}
    - target: {fileID: 6719758636388771006, guid: cced0a68ef9904f468b756049396c021, type: 3}
      propertyPath: m_Name
      value: CoinItem (1)
      objectReference: {fileID: 0}
    m_RemovedComponents: []
  m_SourcePrefab: {fileID: 100100000, guid: cced0a68ef9904f468b756049396c021, type: 3}
--- !u!4 &342507332 stripped
Transform:
  m_CorrespondingSourceObject: {fileID: 6719758636388770996, guid: cced0a68ef9904f468b756049396c021, type: 3}
  m_PrefabInstance: {fileID: 342507331}
  m_PrefabAsset: {fileID: 0}
--- !u!1001 &495677625
PrefabInstance:
  m_ObjectHideFlags: 0
  serializedVersion: 2
  m_Modification:
    m_TransformParent: {fileID: 1683699147}
    m_Modifications:
    - target: {fileID: 8863122276622690374, guid: 1f3d072fde9548c4a8ac819eca396b0a, type: 3}
      propertyPath: m_RootOrder
      value: 0
      objectReference: {fileID: 0}
    - target: {fileID: 8863122276622690374, guid: 1f3d072fde9548c4a8ac819eca396b0a, type: 3}
      propertyPath: m_LocalPosition.x
      value: 3.841893
      objectReference: {fileID: 0}
    - target: {fileID: 8863122276622690374, guid: 1f3d072fde9548c4a8ac819eca396b0a, type: 3}
      propertyPath: m_LocalPosition.y
      value: -9.192288
      objectReference: {fileID: 0}
    - target: {fileID: 8863122276622690374, guid: 1f3d072fde9548c4a8ac819eca396b0a, type: 3}
      propertyPath: m_LocalPosition.z
      value: 8.061824
      objectReference: {fileID: 0}
    - target: {fileID: 8863122276622690374, guid: 1f3d072fde9548c4a8ac819eca396b0a, type: 3}
      propertyPath: m_LocalRotation.w
      value: 1
      objectReference: {fileID: 0}
    - target: {fileID: 8863122276622690374, guid: 1f3d072fde9548c4a8ac819eca396b0a, type: 3}
      propertyPath: m_LocalRotation.x
      value: -0
      objectReference: {fileID: 0}
    - target: {fileID: 8863122276622690374, guid: 1f3d072fde9548c4a8ac819eca396b0a, type: 3}
      propertyPath: m_LocalRotation.y
      value: -0
      objectReference: {fileID: 0}
    - target: {fileID: 8863122276622690374, guid: 1f3d072fde9548c4a8ac819eca396b0a, type: 3}
      propertyPath: m_LocalRotation.z
      value: -0
      objectReference: {fileID: 0}
    - target: {fileID: 8863122276622690374, guid: 1f3d072fde9548c4a8ac819eca396b0a, type: 3}
      propertyPath: m_LocalEulerAnglesHint.x
      value: 0
      objectReference: {fileID: 0}
    - target: {fileID: 8863122276622690374, guid: 1f3d072fde9548c4a8ac819eca396b0a, type: 3}
      propertyPath: m_LocalEulerAnglesHint.y
      value: 0
      objectReference: {fileID: 0}
    - target: {fileID: 8863122276622690374, guid: 1f3d072fde9548c4a8ac819eca396b0a, type: 3}
      propertyPath: m_LocalEulerAnglesHint.z
      value: 0
      objectReference: {fileID: 0}
    - target: {fileID: 8863122276622690490, guid: 1f3d072fde9548c4a8ac819eca396b0a, type: 3}
      propertyPath: m_Name
      value: DiamondItem (9)
      objectReference: {fileID: 0}
    m_RemovedComponents: []
  m_SourcePrefab: {fileID: 100100000, guid: 1f3d072fde9548c4a8ac819eca396b0a, type: 3}
--- !u!4 &495677626 stripped
Transform:
  m_CorrespondingSourceObject: {fileID: 8863122276622690374, guid: 1f3d072fde9548c4a8ac819eca396b0a, type: 3}
  m_PrefabInstance: {fileID: 495677625}
  m_PrefabAsset: {fileID: 0}
--- !u!1001 &531427223
PrefabInstance:
  m_ObjectHideFlags: 0
  serializedVersion: 2
  m_Modification:
    m_TransformParent: {fileID: 1683699147}
    m_Modifications:
    - target: {fileID: 8863122276622690374, guid: 1f3d072fde9548c4a8ac819eca396b0a, type: 3}
      propertyPath: m_RootOrder
      value: 4
      objectReference: {fileID: 0}
    - target: {fileID: 8863122276622690374, guid: 1f3d072fde9548c4a8ac819eca396b0a, type: 3}
      propertyPath: m_LocalPosition.x
      value: 7.028652
      objectReference: {fileID: 0}
    - target: {fileID: 8863122276622690374, guid: 1f3d072fde9548c4a8ac819eca396b0a, type: 3}
      propertyPath: m_LocalPosition.y
      value: -9.192288
      objectReference: {fileID: 0}
    - target: {fileID: 8863122276622690374, guid: 1f3d072fde9548c4a8ac819eca396b0a, type: 3}
      propertyPath: m_LocalPosition.z
      value: 9.259446
      objectReference: {fileID: 0}
    - target: {fileID: 8863122276622690374, guid: 1f3d072fde9548c4a8ac819eca396b0a, type: 3}
      propertyPath: m_LocalRotation.w
      value: 1
      objectReference: {fileID: 0}
    - target: {fileID: 8863122276622690374, guid: 1f3d072fde9548c4a8ac819eca396b0a, type: 3}
      propertyPath: m_LocalRotation.x
      value: -0
      objectReference: {fileID: 0}
    - target: {fileID: 8863122276622690374, guid: 1f3d072fde9548c4a8ac819eca396b0a, type: 3}
      propertyPath: m_LocalRotation.y
      value: -0
      objectReference: {fileID: 0}
    - target: {fileID: 8863122276622690374, guid: 1f3d072fde9548c4a8ac819eca396b0a, type: 3}
      propertyPath: m_LocalRotation.z
      value: -0
      objectReference: {fileID: 0}
    - target: {fileID: 8863122276622690374, guid: 1f3d072fde9548c4a8ac819eca396b0a, type: 3}
      propertyPath: m_LocalEulerAnglesHint.x
      value: 0
      objectReference: {fileID: 0}
    - target: {fileID: 8863122276622690374, guid: 1f3d072fde9548c4a8ac819eca396b0a, type: 3}
      propertyPath: m_LocalEulerAnglesHint.y
      value: 0
      objectReference: {fileID: 0}
    - target: {fileID: 8863122276622690374, guid: 1f3d072fde9548c4a8ac819eca396b0a, type: 3}
      propertyPath: m_LocalEulerAnglesHint.z
      value: 0
      objectReference: {fileID: 0}
    - target: {fileID: 8863122276622690490, guid: 1f3d072fde9548c4a8ac819eca396b0a, type: 3}
      propertyPath: m_Name
      value: DiamondItem (5)
      objectReference: {fileID: 0}
    m_RemovedComponents: []
  m_SourcePrefab: {fileID: 100100000, guid: 1f3d072fde9548c4a8ac819eca396b0a, type: 3}
--- !u!4 &531427224 stripped
Transform:
  m_CorrespondingSourceObject: {fileID: 8863122276622690374, guid: 1f3d072fde9548c4a8ac819eca396b0a, type: 3}
  m_PrefabInstance: {fileID: 531427223}
  m_PrefabAsset: {fileID: 0}
--- !u!1001 &545429283
PrefabInstance:
  m_ObjectHideFlags: 0
  serializedVersion: 2
  m_Modification:
    m_TransformParent: {fileID: 0}
    m_Modifications:
    - target: {fileID: 1249508876161823468, guid: d8dd705b5d428dd46923e5f07d9398bb, type: 3}
      propertyPath: m_Name
      value: Cylinder (1)
      objectReference: {fileID: 0}
    - target: {fileID: 4435105293212287604, guid: d8dd705b5d428dd46923e5f07d9398bb, type: 3}
      propertyPath: m_RootOrder
      value: 2
      objectReference: {fileID: 0}
    - target: {fileID: 4435105293212287604, guid: d8dd705b5d428dd46923e5f07d9398bb, type: 3}
      propertyPath: m_LocalPosition.x
      value: 11.742949
      objectReference: {fileID: 0}
    - target: {fileID: 4435105293212287604, guid: d8dd705b5d428dd46923e5f07d9398bb, type: 3}
      propertyPath: m_LocalPosition.y
      value: 3.960948
      objectReference: {fileID: 0}
    - target: {fileID: 4435105293212287604, guid: d8dd705b5d428dd46923e5f07d9398bb, type: 3}
      propertyPath: m_LocalPosition.z
      value: 3.7386026
      objectReference: {fileID: 0}
    - target: {fileID: 4435105293212287604, guid: d8dd705b5d428dd46923e5f07d9398bb, type: 3}
      propertyPath: m_LocalRotation.w
      value: 1
      objectReference: {fileID: 0}
    - target: {fileID: 4435105293212287604, guid: d8dd705b5d428dd46923e5f07d9398bb, type: 3}
      propertyPath: m_LocalRotation.x
      value: 0
      objectReference: {fileID: 0}
    - target: {fileID: 4435105293212287604, guid: d8dd705b5d428dd46923e5f07d9398bb, type: 3}
      propertyPath: m_LocalRotation.y
      value: 0
      objectReference: {fileID: 0}
    - target: {fileID: 4435105293212287604, guid: d8dd705b5d428dd46923e5f07d9398bb, type: 3}
      propertyPath: m_LocalRotation.z
      value: 0
      objectReference: {fileID: 0}
    - target: {fileID: 4435105293212287604, guid: d8dd705b5d428dd46923e5f07d9398bb, type: 3}
      propertyPath: m_LocalEulerAnglesHint.x
      value: 0
      objectReference: {fileID: 0}
    - target: {fileID: 4435105293212287604, guid: d8dd705b5d428dd46923e5f07d9398bb, type: 3}
      propertyPath: m_LocalEulerAnglesHint.y
      value: 0
      objectReference: {fileID: 0}
    - target: {fileID: 4435105293212287604, guid: d8dd705b5d428dd46923e5f07d9398bb, type: 3}
      propertyPath: m_LocalEulerAnglesHint.z
      value: 0
      objectReference: {fileID: 0}
    - target: {fileID: 7344487907308378477, guid: d8dd705b5d428dd46923e5f07d9398bb, type: 3}
      propertyPath: m_ItemType
      value: 2
      objectReference: {fileID: 0}
    m_RemovedComponents: []
  m_SourcePrefab: {fileID: 100100000, guid: d8dd705b5d428dd46923e5f07d9398bb, type: 3}
--- !u!1 &711940774
GameObject:
  m_ObjectHideFlags: 0
  m_CorrespondingSourceObject: {fileID: 0}
  m_PrefabInstance: {fileID: 0}
  m_PrefabAsset: {fileID: 0}
  serializedVersion: 6
  m_Component:
  - component: {fileID: 711940776}
  - component: {fileID: 711940775}
  m_Layer: 0
  m_Name: CM vcam1
  m_TagString: Untagged
  m_Icon: {fileID: 0}
  m_NavMeshLayer: 0
  m_StaticEditorFlags: 0
  m_IsActive: 1
--- !u!114 &711940775
MonoBehaviour:
  m_ObjectHideFlags: 0
  m_CorrespondingSourceObject: {fileID: 0}
  m_PrefabInstance: {fileID: 0}
  m_PrefabAsset: {fileID: 0}
  m_GameObject: {fileID: 711940774}
  m_Enabled: 1
  m_EditorHideFlags: 0
  m_Script: {fileID: 11500000, guid: 45e653bab7fb20e499bda25e1b646fea, type: 3}
  m_Name: 
  m_EditorClassIdentifier: 
  m_ExcludedPropertiesInInspector:
  - m_Script
  m_LockStageInInspector: 
  m_StreamingVersion: 20170927
  m_Priority: 10
  m_StandbyUpdate: 2
  m_LookAt: {fileID: 1370777307}
  m_Follow: {fileID: 1370777307}
  m_Lens:
    FieldOfView: 60
    OrthographicSize: 5
    NearClipPlane: 0.3
    FarClipPlane: 1000
    Dutch: 0
    ModeOverride: 0
    LensShift: {x: 0, y: 0}
    GateFit: 2
    m_SensorSize: {x: 1, y: 1}
  m_Transitions:
    m_BlendHint: 0
    m_InheritPosition: 0
    m_OnCameraLive:
      m_PersistentCalls:
        m_Calls: []
  m_LegacyBlendHint: 0
  m_ComponentOwner: {fileID: 2071470651}
--- !u!4 &711940776
Transform:
  m_ObjectHideFlags: 0
  m_CorrespondingSourceObject: {fileID: 0}
  m_PrefabInstance: {fileID: 0}
  m_PrefabAsset: {fileID: 0}
  m_GameObject: {fileID: 711940774}
  m_LocalRotation: {x: 0.31188405, y: -0.00000002311975, z: 0.000000007589231, w: 0.9501202}
  m_LocalPosition: {x: 5.143498, y: 7.37, z: -3.1431262}
  m_LocalScale: {x: 1, y: 1, z: 1}
  m_ConstrainProportionsScale: 0
  m_Children:
  - {fileID: 2071470651}
  m_Father: {fileID: 0}
  m_RootOrder: 6
  m_LocalEulerAnglesHint: {x: 0, y: 0, z: 0}
--- !u!1001 &762380426
PrefabInstance:
  m_ObjectHideFlags: 0
  serializedVersion: 2
  m_Modification:
    m_TransformParent: {fileID: 1714138583}
    m_Modifications:
    - target: {fileID: 6719758636388770996, guid: cced0a68ef9904f468b756049396c021, type: 3}
      propertyPath: m_RootOrder
      value: 5
      objectReference: {fileID: 0}
    - target: {fileID: 6719758636388770996, guid: cced0a68ef9904f468b756049396c021, type: 3}
      propertyPath: m_LocalScale.y
      value: 0.10000001
      objectReference: {fileID: 0}
    - target: {fileID: 6719758636388770996, guid: cced0a68ef9904f468b756049396c021, type: 3}
      propertyPath: m_LocalPosition.x
      value: 14.949675
      objectReference: {fileID: 0}
    - target: {fileID: 6719758636388770996, guid: cced0a68ef9904f468b756049396c021, type: 3}
      propertyPath: m_LocalPosition.y
      value: -9.192288
      objectReference: {fileID: 0}
    - target: {fileID: 6719758636388770996, guid: cced0a68ef9904f468b756049396c021, type: 3}
      propertyPath: m_LocalPosition.z
      value: 2.1173916
      objectReference: {fileID: 0}
    - target: {fileID: 6719758636388770996, guid: cced0a68ef9904f468b756049396c021, type: 3}
      propertyPath: m_LocalRotation.w
      value: 0.7071068
      objectReference: {fileID: 0}
    - target: {fileID: 6719758636388770996, guid: cced0a68ef9904f468b756049396c021, type: 3}
      propertyPath: m_LocalRotation.x
      value: 0.7071068
      objectReference: {fileID: 0}
    - target: {fileID: 6719758636388770996, guid: cced0a68ef9904f468b756049396c021, type: 3}
      propertyPath: m_LocalRotation.y
      value: -0
      objectReference: {fileID: 0}
    - target: {fileID: 6719758636388770996, guid: cced0a68ef9904f468b756049396c021, type: 3}
      propertyPath: m_LocalRotation.z
      value: -0
      objectReference: {fileID: 0}
    - target: {fileID: 6719758636388770996, guid: cced0a68ef9904f468b756049396c021, type: 3}
      propertyPath: m_LocalEulerAnglesHint.x
      value: 90
      objectReference: {fileID: 0}
    - target: {fileID: 6719758636388770996, guid: cced0a68ef9904f468b756049396c021, type: 3}
      propertyPath: m_LocalEulerAnglesHint.y
      value: 0
      objectReference: {fileID: 0}
    - target: {fileID: 6719758636388770996, guid: cced0a68ef9904f468b756049396c021, type: 3}
      propertyPath: m_LocalEulerAnglesHint.z
      value: 0
      objectReference: {fileID: 0}
    - target: {fileID: 6719758636388771006, guid: cced0a68ef9904f468b756049396c021, type: 3}
      propertyPath: m_Name
      value: CoinItem (4)
      objectReference: {fileID: 0}
    m_RemovedComponents: []
  m_SourcePrefab: {fileID: 100100000, guid: cced0a68ef9904f468b756049396c021, type: 3}
--- !u!4 &762380427 stripped
Transform:
  m_CorrespondingSourceObject: {fileID: 6719758636388770996, guid: cced0a68ef9904f468b756049396c021, type: 3}
  m_PrefabInstance: {fileID: 762380426}
  m_PrefabAsset: {fileID: 0}
--- !u!1001 &763752177
PrefabInstance:
  m_ObjectHideFlags: 0
  serializedVersion: 2
  m_Modification:
    m_TransformParent: {fileID: 1714138583}
    m_Modifications:
    - target: {fileID: 6719758636388770996, guid: cced0a68ef9904f468b756049396c021, type: 3}
      propertyPath: m_RootOrder
      value: 2
      objectReference: {fileID: 0}
    - target: {fileID: 6719758636388770996, guid: cced0a68ef9904f468b756049396c021, type: 3}
      propertyPath: m_LocalScale.y
      value: 0.10000001
      objectReference: {fileID: 0}
    - target: {fileID: 6719758636388770996, guid: cced0a68ef9904f468b756049396c021, type: 3}
      propertyPath: m_LocalPosition.x
      value: 2.7444541
      objectReference: {fileID: 0}
    - target: {fileID: 6719758636388770996, guid: cced0a68ef9904f468b756049396c021, type: 3}
      propertyPath: m_LocalPosition.y
      value: -9.192288
      objectReference: {fileID: 0}
    - target: {fileID: 6719758636388770996, guid: cced0a68ef9904f468b756049396c021, type: 3}
      propertyPath: m_LocalPosition.z
      value: 10.983604
      objectReference: {fileID: 0}
    - target: {fileID: 6719758636388770996, guid: cced0a68ef9904f468b756049396c021, type: 3}
      propertyPath: m_LocalRotation.w
      value: 0.7071068
      objectReference: {fileID: 0}
    - target: {fileID: 6719758636388770996, guid: cced0a68ef9904f468b756049396c021, type: 3}
      propertyPath: m_LocalRotation.x
      value: 0.7071068
      objectReference: {fileID: 0}
    - target: {fileID: 6719758636388770996, guid: cced0a68ef9904f468b756049396c021, type: 3}
      propertyPath: m_LocalRotation.y
      value: -0
      objectReference: {fileID: 0}
    - target: {fileID: 6719758636388770996, guid: cced0a68ef9904f468b756049396c021, type: 3}
      propertyPath: m_LocalRotation.z
      value: -0
      objectReference: {fileID: 0}
    - target: {fileID: 6719758636388770996, guid: cced0a68ef9904f468b756049396c021, type: 3}
      propertyPath: m_LocalEulerAnglesHint.x
      value: 90
      objectReference: {fileID: 0}
    - target: {fileID: 6719758636388770996, guid: cced0a68ef9904f468b756049396c021, type: 3}
      propertyPath: m_LocalEulerAnglesHint.y
      value: 0
      objectReference: {fileID: 0}
    - target: {fileID: 6719758636388770996, guid: cced0a68ef9904f468b756049396c021, type: 3}
      propertyPath: m_LocalEulerAnglesHint.z
      value: 0
      objectReference: {fileID: 0}
    - target: {fileID: 6719758636388771006, guid: cced0a68ef9904f468b756049396c021, type: 3}
      propertyPath: m_Name
      value: CoinItem (7)
      objectReference: {fileID: 0}
    m_RemovedComponents: []
  m_SourcePrefab: {fileID: 100100000, guid: cced0a68ef9904f468b756049396c021, type: 3}
--- !u!4 &763752178 stripped
Transform:
  m_CorrespondingSourceObject: {fileID: 6719758636388770996, guid: cced0a68ef9904f468b756049396c021, type: 3}
  m_PrefabInstance: {fileID: 763752177}
  m_PrefabAsset: {fileID: 0}
--- !u!4 &770948483 stripped
Transform:
  m_CorrespondingSourceObject: {fileID: 8863122276622690374, guid: 1f3d072fde9548c4a8ac819eca396b0a, type: 3}
  m_PrefabInstance: {fileID: 8863122276288157125}
  m_PrefabAsset: {fileID: 0}
--- !u!4 &811465964 stripped
Transform:
  m_CorrespondingSourceObject: {fileID: 6719758636388770996, guid: cced0a68ef9904f468b756049396c021, type: 3}
  m_PrefabInstance: {fileID: 6719758637189634136}
  m_PrefabAsset: {fileID: 0}
--- !u!1001 &1160698723
PrefabInstance:
  m_ObjectHideFlags: 0
  serializedVersion: 2
  m_Modification:
    m_TransformParent: {fileID: 1714138583}
    m_Modifications:
    - target: {fileID: 6719758636388770996, guid: cced0a68ef9904f468b756049396c021, type: 3}
      propertyPath: m_RootOrder
      value: 0
      objectReference: {fileID: 0}
    - target: {fileID: 6719758636388770996, guid: cced0a68ef9904f468b756049396c021, type: 3}
      propertyPath: m_LocalScale.y
      value: 0.10000001
      objectReference: {fileID: 0}
    - target: {fileID: 6719758636388770996, guid: cced0a68ef9904f468b756049396c021, type: 3}
      propertyPath: m_LocalPosition.x
      value: 6.3013263
      objectReference: {fileID: 0}
    - target: {fileID: 6719758636388770996, guid: cced0a68ef9904f468b756049396c021, type: 3}
      propertyPath: m_LocalPosition.y
      value: -9.192288
      objectReference: {fileID: 0}
    - target: {fileID: 6719758636388770996, guid: cced0a68ef9904f468b756049396c021, type: 3}
      propertyPath: m_LocalPosition.z
      value: 5.135399
      objectReference: {fileID: 0}
    - target: {fileID: 6719758636388770996, guid: cced0a68ef9904f468b756049396c021, type: 3}
      propertyPath: m_LocalRotation.w
      value: 0.7071068
      objectReference: {fileID: 0}
    - target: {fileID: 6719758636388770996, guid: cced0a68ef9904f468b756049396c021, type: 3}
      propertyPath: m_LocalRotation.x
      value: 0.7071068
      objectReference: {fileID: 0}
    - target: {fileID: 6719758636388770996, guid: cced0a68ef9904f468b756049396c021, type: 3}
      propertyPath: m_LocalRotation.y
      value: -0
      objectReference: {fileID: 0}
    - target: {fileID: 6719758636388770996, guid: cced0a68ef9904f468b756049396c021, type: 3}
      propertyPath: m_LocalRotation.z
      value: -0
      objectReference: {fileID: 0}
    - target: {fileID: 6719758636388770996, guid: cced0a68ef9904f468b756049396c021, type: 3}
      propertyPath: m_LocalEulerAnglesHint.x
      value: 90
      objectReference: {fileID: 0}
    - target: {fileID: 6719758636388770996, guid: cced0a68ef9904f468b756049396c021, type: 3}
      propertyPath: m_LocalEulerAnglesHint.y
      value: 0
      objectReference: {fileID: 0}
    - target: {fileID: 6719758636388770996, guid: cced0a68ef9904f468b756049396c021, type: 3}
      propertyPath: m_LocalEulerAnglesHint.z
      value: 0
      objectReference: {fileID: 0}
    - target: {fileID: 6719758636388771006, guid: cced0a68ef9904f468b756049396c021, type: 3}
      propertyPath: m_Name
      value: CoinItem (9)
      objectReference: {fileID: 0}
    m_RemovedComponents: []
  m_SourcePrefab: {fileID: 100100000, guid: cced0a68ef9904f468b756049396c021, type: 3}
--- !u!4 &1160698724 stripped
Transform:
  m_CorrespondingSourceObject: {fileID: 6719758636388770996, guid: cced0a68ef9904f468b756049396c021, type: 3}
  m_PrefabInstance: {fileID: 1160698723}
  m_PrefabAsset: {fileID: 0}
--- !u!1001 &1207411173
PrefabInstance:
  m_ObjectHideFlags: 0
  serializedVersion: 2
  m_Modification:
    m_TransformParent: {fileID: 1683699147}
    m_Modifications:
    - target: {fileID: 8863122276622690374, guid: 1f3d072fde9548c4a8ac819eca396b0a, type: 3}
      propertyPath: m_RootOrder
      value: 8
      objectReference: {fileID: 0}
    - target: {fileID: 8863122276622690374, guid: 1f3d072fde9548c4a8ac819eca396b0a, type: 3}
      propertyPath: m_LocalPosition.x
      value: -1.4281337
      objectReference: {fileID: 0}
    - target: {fileID: 8863122276622690374, guid: 1f3d072fde9548c4a8ac819eca396b0a, type: 3}
      propertyPath: m_LocalPosition.y
      value: -9.192288
      objectReference: {fileID: 0}
    - target: {fileID: 8863122276622690374, guid: 1f3d072fde9548c4a8ac819eca396b0a, type: 3}
      propertyPath: m_LocalPosition.z
      value: 9.599879
      objectReference: {fileID: 0}
    - target: {fileID: 8863122276622690374, guid: 1f3d072fde9548c4a8ac819eca396b0a, type: 3}
      propertyPath: m_LocalRotation.w
      value: 1
      objectReference: {fileID: 0}
    - target: {fileID: 8863122276622690374, guid: 1f3d072fde9548c4a8ac819eca396b0a, type: 3}
      propertyPath: m_LocalRotation.x
      value: -0
      objectReference: {fileID: 0}
    - target: {fileID: 8863122276622690374, guid: 1f3d072fde9548c4a8ac819eca396b0a, type: 3}
      propertyPath: m_LocalRotation.y
      value: -0
      objectReference: {fileID: 0}
    - target: {fileID: 8863122276622690374, guid: 1f3d072fde9548c4a8ac819eca396b0a, type: 3}
      propertyPath: m_LocalRotation.z
      value: -0
      objectReference: {fileID: 0}
    - target: {fileID: 8863122276622690374, guid: 1f3d072fde9548c4a8ac819eca396b0a, type: 3}
      propertyPath: m_LocalEulerAnglesHint.x
      value: 0
      objectReference: {fileID: 0}
    - target: {fileID: 8863122276622690374, guid: 1f3d072fde9548c4a8ac819eca396b0a, type: 3}
      propertyPath: m_LocalEulerAnglesHint.y
      value: 0
      objectReference: {fileID: 0}
    - target: {fileID: 8863122276622690374, guid: 1f3d072fde9548c4a8ac819eca396b0a, type: 3}
      propertyPath: m_LocalEulerAnglesHint.z
      value: 0
      objectReference: {fileID: 0}
    - target: {fileID: 8863122276622690490, guid: 1f3d072fde9548c4a8ac819eca396b0a, type: 3}
      propertyPath: m_Name
      value: DiamondItem (1)
      objectReference: {fileID: 0}
    m_RemovedComponents: []
  m_SourcePrefab: {fileID: 100100000, guid: 1f3d072fde9548c4a8ac819eca396b0a, type: 3}
--- !u!4 &1207411174 stripped
Transform:
  m_CorrespondingSourceObject: {fileID: 8863122276622690374, guid: 1f3d072fde9548c4a8ac819eca396b0a, type: 3}
  m_PrefabInstance: {fileID: 1207411173}
  m_PrefabAsset: {fileID: 0}
--- !u!4 &1370777307 stripped
Transform:
  m_CorrespondingSourceObject: {fileID: 8900785810782778350, guid: ba454a5b66f35b94f8f4057b1d1fde80, type: 3}
  m_PrefabInstance: {fileID: 1876829850}
  m_PrefabAsset: {fileID: 0}
--- !u!1 &1536951982
GameObject:
  m_ObjectHideFlags: 0
  m_CorrespondingSourceObject: {fileID: 0}
  m_PrefabInstance: {fileID: 0}
  m_PrefabAsset: {fileID: 0}
  serializedVersion: 6
  m_Component:
  - component: {fileID: 1536951984}
  - component: {fileID: 1536951983}
  m_Layer: 0
  m_Name: Directional Light
  m_TagString: Untagged
  m_Icon: {fileID: 0}
  m_NavMeshLayer: 0
  m_StaticEditorFlags: 0
  m_IsActive: 1
--- !u!108 &1536951983
Light:
  m_ObjectHideFlags: 0
  m_CorrespondingSourceObject: {fileID: 0}
  m_PrefabInstance: {fileID: 0}
  m_PrefabAsset: {fileID: 0}
  m_GameObject: {fileID: 1536951982}
  m_Enabled: 1
  serializedVersion: 10
  m_Type: 1
  m_Shape: 0
  m_Color: {r: 1, g: 0.95686275, b: 0.8392157, a: 1}
  m_Intensity: 1
  m_Range: 10
  m_SpotAngle: 30
  m_InnerSpotAngle: 21.80208
  m_CookieSize: 10
  m_Shadows:
    m_Type: 2
    m_Resolution: -1
    m_CustomResolution: -1
    m_Strength: 1
    m_Bias: 0.05
    m_NormalBias: 0.4
    m_NearPlane: 0.2
    m_CullingMatrixOverride:
      e00: 1
      e01: 0
      e02: 0
      e03: 0
      e10: 0
      e11: 1
      e12: 0
      e13: 0
      e20: 0
      e21: 0
      e22: 1
      e23: 0
      e30: 0
      e31: 0
      e32: 0
      e33: 1
    m_UseCullingMatrixOverride: 0
  m_Cookie: {fileID: 0}
  m_DrawHalo: 0
  m_Flare: {fileID: 0}
  m_RenderMode: 0
  m_CullingMask:
    serializedVersion: 2
    m_Bits: 4294967295
  m_RenderingLayerMask: 1
  m_Lightmapping: 4
  m_LightShadowCasterMode: 0
  m_AreaSize: {x: 1, y: 1}
  m_BounceIntensity: 1
  m_ColorTemperature: 6570
  m_UseColorTemperature: 0
  m_BoundingSphereOverride: {x: 0, y: 0, z: 0, w: 0}
  m_UseBoundingSphereOverride: 0
  m_UseViewFrustumForShadowCasterCull: 1
  m_ShadowRadius: 0
  m_ShadowAngle: 0
--- !u!4 &1536951984
Transform:
  m_ObjectHideFlags: 0
  m_CorrespondingSourceObject: {fileID: 0}
  m_PrefabInstance: {fileID: 0}
  m_PrefabAsset: {fileID: 0}
  m_GameObject: {fileID: 1536951982}
  m_LocalRotation: {x: 0.40821788, y: -0.23456968, z: 0.10938163, w: 0.8754261}
  m_LocalPosition: {x: 0, y: 3, z: 0}
  m_LocalScale: {x: 1, y: 1, z: 1}
  m_ConstrainProportionsScale: 0
  m_Children: []
  m_Father: {fileID: 0}
  m_RootOrder: 5
  m_LocalEulerAnglesHint: {x: 50, y: -30, z: 0}
--- !u!1 &1683699146
GameObject:
  m_ObjectHideFlags: 0
  m_CorrespondingSourceObject: {fileID: 0}
  m_PrefabInstance: {fileID: 0}
  m_PrefabAsset: {fileID: 0}
  serializedVersion: 6
  m_Component:
  - component: {fileID: 1683699147}
  m_Layer: 0
  m_Name: Diamond
  m_TagString: Untagged
  m_Icon: {fileID: 0}
  m_NavMeshLayer: 0
  m_StaticEditorFlags: 0
  m_IsActive: 1
--- !u!4 &1683699147
Transform:
  m_ObjectHideFlags: 0
  m_CorrespondingSourceObject: {fileID: 0}
  m_PrefabInstance: {fileID: 0}
  m_PrefabAsset: {fileID: 0}
  m_GameObject: {fileID: 1683699146}
  m_LocalRotation: {x: 0, y: 0, z: 0, w: 1}
  m_LocalPosition: {x: -3.8394473, y: 12.653236, z: -0.93184066}
  m_LocalScale: {x: 1, y: 1, z: 1}
  m_ConstrainProportionsScale: 0
  m_Children:
  - {fileID: 495677626}
  - {fileID: 1705245646}
  - {fileID: 1955474417}
  - {fileID: 1938771200}
  - {fileID: 531427224}
  - {fileID: 1705939535}
  - {fileID: 1883170578}
  - {fileID: 1873833955}
  - {fileID: 1207411174}
  - {fileID: 770948483}
  m_Father: {fileID: 0}
  m_RootOrder: 9
  m_LocalEulerAnglesHint: {x: 0, y: 0, z: 0}
--- !u!1001 &1705245645
PrefabInstance:
  m_ObjectHideFlags: 0
  serializedVersion: 2
  m_Modification:
    m_TransformParent: {fileID: 1683699147}
    m_Modifications:
    - target: {fileID: 8863122276622690374, guid: 1f3d072fde9548c4a8ac819eca396b0a, type: 3}
      propertyPath: m_RootOrder
      value: 1
      objectReference: {fileID: 0}
    - target: {fileID: 8863122276622690374, guid: 1f3d072fde9548c4a8ac819eca396b0a, type: 3}
      propertyPath: m_LocalPosition.x
      value: 10.925292
      objectReference: {fileID: 0}
    - target: {fileID: 8863122276622690374, guid: 1f3d072fde9548c4a8ac819eca396b0a, type: 3}
      propertyPath: m_LocalPosition.y
      value: -9.192288
      objectReference: {fileID: 0}
    - target: {fileID: 8863122276622690374, guid: 1f3d072fde9548c4a8ac819eca396b0a, type: 3}
      propertyPath: m_LocalPosition.z
      value: 3.473299
      objectReference: {fileID: 0}
    - target: {fileID: 8863122276622690374, guid: 1f3d072fde9548c4a8ac819eca396b0a, type: 3}
      propertyPath: m_LocalRotation.w
      value: 1
      objectReference: {fileID: 0}
    - target: {fileID: 8863122276622690374, guid: 1f3d072fde9548c4a8ac819eca396b0a, type: 3}
      propertyPath: m_LocalRotation.x
      value: -0
      objectReference: {fileID: 0}
    - target: {fileID: 8863122276622690374, guid: 1f3d072fde9548c4a8ac819eca396b0a, type: 3}
      propertyPath: m_LocalRotation.y
      value: -0
      objectReference: {fileID: 0}
    - target: {fileID: 8863122276622690374, guid: 1f3d072fde9548c4a8ac819eca396b0a, type: 3}
      propertyPath: m_LocalRotation.z
      value: -0
      objectReference: {fileID: 0}
    - target: {fileID: 8863122276622690374, guid: 1f3d072fde9548c4a8ac819eca396b0a, type: 3}
      propertyPath: m_LocalEulerAnglesHint.x
      value: 0
      objectReference: {fileID: 0}
    - target: {fileID: 8863122276622690374, guid: 1f3d072fde9548c4a8ac819eca396b0a, type: 3}
      propertyPath: m_LocalEulerAnglesHint.y
      value: 0
      objectReference: {fileID: 0}
    - target: {fileID: 8863122276622690374, guid: 1f3d072fde9548c4a8ac819eca396b0a, type: 3}
      propertyPath: m_LocalEulerAnglesHint.z
      value: 0
      objectReference: {fileID: 0}
    - target: {fileID: 8863122276622690490, guid: 1f3d072fde9548c4a8ac819eca396b0a, type: 3}
      propertyPath: m_Name
      value: DiamondItem (8)
      objectReference: {fileID: 0}
    m_RemovedComponents: []
  m_SourcePrefab: {fileID: 100100000, guid: 1f3d072fde9548c4a8ac819eca396b0a, type: 3}
--- !u!4 &1705245646 stripped
Transform:
  m_CorrespondingSourceObject: {fileID: 8863122276622690374, guid: 1f3d072fde9548c4a8ac819eca396b0a, type: 3}
  m_PrefabInstance: {fileID: 1705245645}
  m_PrefabAsset: {fileID: 0}
--- !u!1001 &1705939534
PrefabInstance:
  m_ObjectHideFlags: 0
  serializedVersion: 2
  m_Modification:
    m_TransformParent: {fileID: 1683699147}
    m_Modifications:
    - target: {fileID: 8863122276622690374, guid: 1f3d072fde9548c4a8ac819eca396b0a, type: 3}
      propertyPath: m_RootOrder
      value: 5
      objectReference: {fileID: 0}
    - target: {fileID: 8863122276622690374, guid: 1f3d072fde9548c4a8ac819eca396b0a, type: 3}
      propertyPath: m_LocalPosition.x
      value: 18.919472
      objectReference: {fileID: 0}
    - target: {fileID: 8863122276622690374, guid: 1f3d072fde9548c4a8ac819eca396b0a, type: 3}
      propertyPath: m_LocalPosition.y
      value: -9.192288
      objectReference: {fileID: 0}
    - target: {fileID: 8863122276622690374, guid: 1f3d072fde9548c4a8ac819eca396b0a, type: 3}
      propertyPath: m_LocalPosition.z
      value: 7.040085
      objectReference: {fileID: 0}
    - target: {fileID: 8863122276622690374, guid: 1f3d072fde9548c4a8ac819eca396b0a, type: 3}
      propertyPath: m_LocalRotation.w
      value: 1
      objectReference: {fileID: 0}
    - target: {fileID: 8863122276622690374, guid: 1f3d072fde9548c4a8ac819eca396b0a, type: 3}
      propertyPath: m_LocalRotation.x
      value: -0
      objectReference: {fileID: 0}
    - target: {fileID: 8863122276622690374, guid: 1f3d072fde9548c4a8ac819eca396b0a, type: 3}
      propertyPath: m_LocalRotation.y
      value: -0
      objectReference: {fileID: 0}
    - target: {fileID: 8863122276622690374, guid: 1f3d072fde9548c4a8ac819eca396b0a, type: 3}
      propertyPath: m_LocalRotation.z
      value: -0
      objectReference: {fileID: 0}
    - target: {fileID: 8863122276622690374, guid: 1f3d072fde9548c4a8ac819eca396b0a, type: 3}
      propertyPath: m_LocalEulerAnglesHint.x
      value: 0
      objectReference: {fileID: 0}
    - target: {fileID: 8863122276622690374, guid: 1f3d072fde9548c4a8ac819eca396b0a, type: 3}
      propertyPath: m_LocalEulerAnglesHint.y
      value: 0
      objectReference: {fileID: 0}
    - target: {fileID: 8863122276622690374, guid: 1f3d072fde9548c4a8ac819eca396b0a, type: 3}
      propertyPath: m_LocalEulerAnglesHint.z
      value: 0
      objectReference: {fileID: 0}
    - target: {fileID: 8863122276622690490, guid: 1f3d072fde9548c4a8ac819eca396b0a, type: 3}
      propertyPath: m_Name
      value: DiamondItem (4)
      objectReference: {fileID: 0}
    m_RemovedComponents: []
  m_SourcePrefab: {fileID: 100100000, guid: 1f3d072fde9548c4a8ac819eca396b0a, type: 3}
--- !u!4 &1705939535 stripped
Transform:
  m_CorrespondingSourceObject: {fileID: 8863122276622690374, guid: 1f3d072fde9548c4a8ac819eca396b0a, type: 3}
  m_PrefabInstance: {fileID: 1705939534}
  m_PrefabAsset: {fileID: 0}
--- !u!1 &1714138582
GameObject:
  m_ObjectHideFlags: 0
  m_CorrespondingSourceObject: {fileID: 0}
  m_PrefabInstance: {fileID: 0}
  m_PrefabAsset: {fileID: 0}
  serializedVersion: 6
  m_Component:
  - component: {fileID: 1714138583}
  m_Layer: 0
  m_Name: Coin
  m_TagString: Untagged
  m_Icon: {fileID: 0}
  m_NavMeshLayer: 0
  m_StaticEditorFlags: 0
  m_IsActive: 1
--- !u!4 &1714138583
Transform:
  m_ObjectHideFlags: 0
  m_CorrespondingSourceObject: {fileID: 0}
  m_PrefabInstance: {fileID: 0}
  m_PrefabAsset: {fileID: 0}
  m_GameObject: {fileID: 1714138582}
  m_LocalRotation: {x: 0, y: 0, z: 0, w: 1}
  m_LocalPosition: {x: -3.8394473, y: 12.653236, z: -0.93184066}
  m_LocalScale: {x: 1, y: 1, z: 1}
  m_ConstrainProportionsScale: 0
  m_Children:
  - {fileID: 1160698724}
  - {fileID: 139845276}
  - {fileID: 763752178}
  - {fileID: 189092399}
  - {fileID: 1747235393}
  - {fileID: 762380427}
  - {fileID: 1807330301}
  - {fileID: 297686934}
  - {fileID: 342507332}
  - {fileID: 811465964}
  m_Father: {fileID: 0}
  m_RootOrder: 7
  m_LocalEulerAnglesHint: {x: 0, y: 0, z: 0}
--- !u!1001 &1747235392
PrefabInstance:
  m_ObjectHideFlags: 0
  serializedVersion: 2
  m_Modification:
    m_TransformParent: {fileID: 1714138583}
    m_Modifications:
    - target: {fileID: 6719758636388770996, guid: cced0a68ef9904f468b756049396c021, type: 3}
      propertyPath: m_RootOrder
      value: 4
      objectReference: {fileID: 0}
    - target: {fileID: 6719758636388770996, guid: cced0a68ef9904f468b756049396c021, type: 3}
      propertyPath: m_LocalScale.y
      value: 0.10000001
      objectReference: {fileID: 0}
    - target: {fileID: 6719758636388770996, guid: cced0a68ef9904f468b756049396c021, type: 3}
      propertyPath: m_LocalPosition.x
      value: 13.989175
      objectReference: {fileID: 0}
    - target: {fileID: 6719758636388770996, guid: cced0a68ef9904f468b756049396c021, type: 3}
      propertyPath: m_LocalPosition.y
      value: -9.192288
      objectReference: {fileID: 0}
    - target: {fileID: 6719758636388770996, guid: cced0a68ef9904f468b756049396c021, type: 3}
      propertyPath: m_LocalPosition.z
      value: 11.7249775
      objectReference: {fileID: 0}
    - target: {fileID: 6719758636388770996, guid: cced0a68ef9904f468b756049396c021, type: 3}
      propertyPath: m_LocalRotation.w
      value: 0.7071068
      objectReference: {fileID: 0}
    - target: {fileID: 6719758636388770996, guid: cced0a68ef9904f468b756049396c021, type: 3}
      propertyPath: m_LocalRotation.x
      value: 0.7071068
      objectReference: {fileID: 0}
    - target: {fileID: 6719758636388770996, guid: cced0a68ef9904f468b756049396c021, type: 3}
      propertyPath: m_LocalRotation.y
      value: -0
      objectReference: {fileID: 0}
    - target: {fileID: 6719758636388770996, guid: cced0a68ef9904f468b756049396c021, type: 3}
      propertyPath: m_LocalRotation.z
      value: -0
      objectReference: {fileID: 0}
    - target: {fileID: 6719758636388770996, guid: cced0a68ef9904f468b756049396c021, type: 3}
      propertyPath: m_LocalEulerAnglesHint.x
      value: 90
      objectReference: {fileID: 0}
    - target: {fileID: 6719758636388770996, guid: cced0a68ef9904f468b756049396c021, type: 3}
      propertyPath: m_LocalEulerAnglesHint.y
      value: 0
      objectReference: {fileID: 0}
    - target: {fileID: 6719758636388770996, guid: cced0a68ef9904f468b756049396c021, type: 3}
      propertyPath: m_LocalEulerAnglesHint.z
      value: 0
      objectReference: {fileID: 0}
    - target: {fileID: 6719758636388771006, guid: cced0a68ef9904f468b756049396c021, type: 3}
      propertyPath: m_Name
      value: CoinItem (5)
      objectReference: {fileID: 0}
    m_RemovedComponents: []
  m_SourcePrefab: {fileID: 100100000, guid: cced0a68ef9904f468b756049396c021, type: 3}
--- !u!4 &1747235393 stripped
Transform:
  m_CorrespondingSourceObject: {fileID: 6719758636388770996, guid: cced0a68ef9904f468b756049396c021, type: 3}
  m_PrefabInstance: {fileID: 1747235392}
  m_PrefabAsset: {fileID: 0}
--- !u!1001 &1807330300
PrefabInstance:
  m_ObjectHideFlags: 0
  serializedVersion: 2
  m_Modification:
    m_TransformParent: {fileID: 1714138583}
    m_Modifications:
    - target: {fileID: 6719758636388770996, guid: cced0a68ef9904f468b756049396c021, type: 3}
      propertyPath: m_RootOrder
      value: 6
      objectReference: {fileID: 0}
    - target: {fileID: 6719758636388770996, guid: cced0a68ef9904f468b756049396c021, type: 3}
      propertyPath: m_LocalScale.y
      value: 0.10000001
      objectReference: {fileID: 0}
    - target: {fileID: 6719758636388770996, guid: cced0a68ef9904f468b756049396c021, type: 3}
      propertyPath: m_LocalPosition.x
      value: 17.378315
      objectReference: {fileID: 0}
    - target: {fileID: 6719758636388770996, guid: cced0a68ef9904f468b756049396c021, type: 3}
      propertyPath: m_LocalPosition.y
      value: -9.192288
      objectReference: {fileID: 0}
    - target: {fileID: 6719758636388770996, guid: cced0a68ef9904f468b756049396c021, type: 3}
      propertyPath: m_LocalPosition.z
      value: 9.369301
      objectReference: {fileID: 0}
    - target: {fileID: 6719758636388770996, guid: cced0a68ef9904f468b756049396c021, type: 3}
      propertyPath: m_LocalRotation.w
      value: 0.7071068
      objectReference: {fileID: 0}
    - target: {fileID: 6719758636388770996, guid: cced0a68ef9904f468b756049396c021, type: 3}
      propertyPath: m_LocalRotation.x
      value: 0.7071068
      objectReference: {fileID: 0}
    - target: {fileID: 6719758636388770996, guid: cced0a68ef9904f468b756049396c021, type: 3}
      propertyPath: m_LocalRotation.y
      value: -0
      objectReference: {fileID: 0}
    - target: {fileID: 6719758636388770996, guid: cced0a68ef9904f468b756049396c021, type: 3}
      propertyPath: m_LocalRotation.z
      value: -0
      objectReference: {fileID: 0}
    - target: {fileID: 6719758636388770996, guid: cced0a68ef9904f468b756049396c021, type: 3}
      propertyPath: m_LocalEulerAnglesHint.x
      value: 90
      objectReference: {fileID: 0}
    - target: {fileID: 6719758636388770996, guid: cced0a68ef9904f468b756049396c021, type: 3}
      propertyPath: m_LocalEulerAnglesHint.y
      value: 0
      objectReference: {fileID: 0}
    - target: {fileID: 6719758636388770996, guid: cced0a68ef9904f468b756049396c021, type: 3}
      propertyPath: m_LocalEulerAnglesHint.z
      value: 0
      objectReference: {fileID: 0}
    - target: {fileID: 6719758636388771006, guid: cced0a68ef9904f468b756049396c021, type: 3}
      propertyPath: m_Name
      value: CoinItem (3)
      objectReference: {fileID: 0}
    m_RemovedComponents: []
  m_SourcePrefab: {fileID: 100100000, guid: cced0a68ef9904f468b756049396c021, type: 3}
--- !u!4 &1807330301 stripped
Transform:
  m_CorrespondingSourceObject: {fileID: 6719758636388770996, guid: cced0a68ef9904f468b756049396c021, type: 3}
  m_PrefabInstance: {fileID: 1807330300}
  m_PrefabAsset: {fileID: 0}
--- !u!1001 &1873833954
PrefabInstance:
  m_ObjectHideFlags: 0
  serializedVersion: 2
  m_Modification:
    m_TransformParent: {fileID: 1683699147}
    m_Modifications:
    - target: {fileID: 8863122276622690374, guid: 1f3d072fde9548c4a8ac819eca396b0a, type: 3}
      propertyPath: m_RootOrder
      value: 7
      objectReference: {fileID: 0}
    - target: {fileID: 8863122276622690374, guid: 1f3d072fde9548c4a8ac819eca396b0a, type: 3}
      propertyPath: m_LocalPosition.x
      value: 7.518606
      objectReference: {fileID: 0}
    - target: {fileID: 8863122276622690374, guid: 1f3d072fde9548c4a8ac819eca396b0a, type: 3}
      propertyPath: m_LocalPosition.y
      value: -9.192287
      objectReference: {fileID: 0}
    - target: {fileID: 8863122276622690374, guid: 1f3d072fde9548c4a8ac819eca396b0a, type: 3}
      propertyPath: m_LocalPosition.z
      value: 14.720514
      objectReference: {fileID: 0}
    - target: {fileID: 8863122276622690374, guid: 1f3d072fde9548c4a8ac819eca396b0a, type: 3}
      propertyPath: m_LocalRotation.w
      value: 1
      objectReference: {fileID: 0}
    - target: {fileID: 8863122276622690374, guid: 1f3d072fde9548c4a8ac819eca396b0a, type: 3}
      propertyPath: m_LocalRotation.x
      value: -0
      objectReference: {fileID: 0}
    - target: {fileID: 8863122276622690374, guid: 1f3d072fde9548c4a8ac819eca396b0a, type: 3}
      propertyPath: m_LocalRotation.y
      value: -0
      objectReference: {fileID: 0}
    - target: {fileID: 8863122276622690374, guid: 1f3d072fde9548c4a8ac819eca396b0a, type: 3}
      propertyPath: m_LocalRotation.z
      value: -0
      objectReference: {fileID: 0}
    - target: {fileID: 8863122276622690374, guid: 1f3d072fde9548c4a8ac819eca396b0a, type: 3}
      propertyPath: m_LocalEulerAnglesHint.x
      value: 0
      objectReference: {fileID: 0}
    - target: {fileID: 8863122276622690374, guid: 1f3d072fde9548c4a8ac819eca396b0a, type: 3}
      propertyPath: m_LocalEulerAnglesHint.y
      value: 0
      objectReference: {fileID: 0}
    - target: {fileID: 8863122276622690374, guid: 1f3d072fde9548c4a8ac819eca396b0a, type: 3}
      propertyPath: m_LocalEulerAnglesHint.z
      value: 0
      objectReference: {fileID: 0}
    - target: {fileID: 8863122276622690490, guid: 1f3d072fde9548c4a8ac819eca396b0a, type: 3}
      propertyPath: m_Name
      value: DiamondItem (2)
      objectReference: {fileID: 0}
    m_RemovedComponents: []
  m_SourcePrefab: {fileID: 100100000, guid: 1f3d072fde9548c4a8ac819eca396b0a, type: 3}
--- !u!4 &1873833955 stripped
Transform:
  m_CorrespondingSourceObject: {fileID: 8863122276622690374, guid: 1f3d072fde9548c4a8ac819eca396b0a, type: 3}
  m_PrefabInstance: {fileID: 1873833954}
  m_PrefabAsset: {fileID: 0}
--- !u!1001 &1876829850
PrefabInstance:
  m_ObjectHideFlags: 0
  serializedVersion: 2
  m_Modification:
    m_TransformParent: {fileID: 0}
    m_Modifications:
    - target: {fileID: 3404283382404200273, guid: ba454a5b66f35b94f8f4057b1d1fde80, type: 3}
      propertyPath: m_ItemInventory.Array.size
      value: 0
      objectReference: {fileID: 0}
    - target: {fileID: 8900785810782778346, guid: ba454a5b66f35b94f8f4057b1d1fde80, type: 3}
      propertyPath: m_Name
      value: Player(RC)
      objectReference: {fileID: 0}
    - target: {fileID: 8900785810782778346, guid: ba454a5b66f35b94f8f4057b1d1fde80, type: 3}
      propertyPath: m_TagString
      value: Player
      objectReference: {fileID: 0}
    - target: {fileID: 8900785810782778348, guid: ba454a5b66f35b94f8f4057b1d1fde80, type: 3}
      propertyPath: m_IsKinematic
      value: 1
      objectReference: {fileID: 0}
    - target: {fileID: 8900785810782778350, guid: ba454a5b66f35b94f8f4057b1d1fde80, type: 3}
      propertyPath: m_RootOrder
      value: 3
      objectReference: {fileID: 0}
    - target: {fileID: 8900785810782778350, guid: ba454a5b66f35b94f8f4057b1d1fde80, type: 3}
      propertyPath: m_LocalPosition.x
      value: 5.143498
      objectReference: {fileID: 0}
    - target: {fileID: 8900785810782778350, guid: ba454a5b66f35b94f8f4057b1d1fde80, type: 3}
      propertyPath: m_LocalPosition.y
      value: 3.960948
      objectReference: {fileID: 0}
    - target: {fileID: 8900785810782778350, guid: ba454a5b66f35b94f8f4057b1d1fde80, type: 3}
      propertyPath: m_LocalPosition.z
      value: 1.49
      objectReference: {fileID: 0}
    - target: {fileID: 8900785810782778350, guid: ba454a5b66f35b94f8f4057b1d1fde80, type: 3}
      propertyPath: m_LocalRotation.w
      value: 1
      objectReference: {fileID: 0}
    - target: {fileID: 8900785810782778350, guid: ba454a5b66f35b94f8f4057b1d1fde80, type: 3}
      propertyPath: m_LocalRotation.x
      value: 0
      objectReference: {fileID: 0}
    - target: {fileID: 8900785810782778350, guid: ba454a5b66f35b94f8f4057b1d1fde80, type: 3}
      propertyPath: m_LocalRotation.y
      value: 0
      objectReference: {fileID: 0}
    - target: {fileID: 8900785810782778350, guid: ba454a5b66f35b94f8f4057b1d1fde80, type: 3}
      propertyPath: m_LocalRotation.z
      value: 0
      objectReference: {fileID: 0}
    - target: {fileID: 8900785810782778350, guid: ba454a5b66f35b94f8f4057b1d1fde80, type: 3}
      propertyPath: m_LocalEulerAnglesHint.x
      value: 0
      objectReference: {fileID: 0}
    - target: {fileID: 8900785810782778350, guid: ba454a5b66f35b94f8f4057b1d1fde80, type: 3}
      propertyPath: m_LocalEulerAnglesHint.y
      value: 0
      objectReference: {fileID: 0}
    - target: {fileID: 8900785810782778350, guid: ba454a5b66f35b94f8f4057b1d1fde80, type: 3}
      propertyPath: m_LocalEulerAnglesHint.z
      value: 0
      objectReference: {fileID: 0}
    m_RemovedComponents: []
  m_SourcePrefab: {fileID: 100100000, guid: ba454a5b66f35b94f8f4057b1d1fde80, type: 3}
--- !u!1001 &1883170577
PrefabInstance:
  m_ObjectHideFlags: 0
  serializedVersion: 2
  m_Modification:
    m_TransformParent: {fileID: 1683699147}
    m_Modifications:
    - target: {fileID: 8863122276622690374, guid: 1f3d072fde9548c4a8ac819eca396b0a, type: 3}
      propertyPath: m_RootOrder
      value: 6
      objectReference: {fileID: 0}
    - target: {fileID: 8863122276622690374, guid: 1f3d072fde9548c4a8ac819eca396b0a, type: 3}
      propertyPath: m_LocalPosition.x
      value: 2.2907634
      objectReference: {fileID: 0}
    - target: {fileID: 8863122276622690374, guid: 1f3d072fde9548c4a8ac819eca396b0a, type: 3}
      propertyPath: m_LocalPosition.y
      value: -9.192288
      objectReference: {fileID: 0}
    - target: {fileID: 8863122276622690374, guid: 1f3d072fde9548c4a8ac819eca396b0a, type: 3}
      propertyPath: m_LocalPosition.z
      value: 3.0890696
      objectReference: {fileID: 0}
    - target: {fileID: 8863122276622690374, guid: 1f3d072fde9548c4a8ac819eca396b0a, type: 3}
      propertyPath: m_LocalRotation.w
      value: 1
      objectReference: {fileID: 0}
    - target: {fileID: 8863122276622690374, guid: 1f3d072fde9548c4a8ac819eca396b0a, type: 3}
      propertyPath: m_LocalRotation.x
      value: -0
      objectReference: {fileID: 0}
    - target: {fileID: 8863122276622690374, guid: 1f3d072fde9548c4a8ac819eca396b0a, type: 3}
      propertyPath: m_LocalRotation.y
      value: -0
      objectReference: {fileID: 0}
    - target: {fileID: 8863122276622690374, guid: 1f3d072fde9548c4a8ac819eca396b0a, type: 3}
      propertyPath: m_LocalRotation.z
      value: -0
      objectReference: {fileID: 0}
    - target: {fileID: 8863122276622690374, guid: 1f3d072fde9548c4a8ac819eca396b0a, type: 3}
      propertyPath: m_LocalEulerAnglesHint.x
      value: 0
      objectReference: {fileID: 0}
    - target: {fileID: 8863122276622690374, guid: 1f3d072fde9548c4a8ac819eca396b0a, type: 3}
      propertyPath: m_LocalEulerAnglesHint.y
      value: 0
      objectReference: {fileID: 0}
    - target: {fileID: 8863122276622690374, guid: 1f3d072fde9548c4a8ac819eca396b0a, type: 3}
      propertyPath: m_LocalEulerAnglesHint.z
      value: 0
      objectReference: {fileID: 0}
    - target: {fileID: 8863122276622690490, guid: 1f3d072fde9548c4a8ac819eca396b0a, type: 3}
      propertyPath: m_Name
      value: DiamondItem (3)
      objectReference: {fileID: 0}
    m_RemovedComponents: []
  m_SourcePrefab: {fileID: 100100000, guid: 1f3d072fde9548c4a8ac819eca396b0a, type: 3}
--- !u!4 &1883170578 stripped
Transform:
  m_CorrespondingSourceObject: {fileID: 8863122276622690374, guid: 1f3d072fde9548c4a8ac819eca396b0a, type: 3}
  m_PrefabInstance: {fileID: 1883170577}
  m_PrefabAsset: {fileID: 0}
--- !u!1001 &1938771199
PrefabInstance:
  m_ObjectHideFlags: 0
  serializedVersion: 2
  m_Modification:
    m_TransformParent: {fileID: 1683699147}
    m_Modifications:
    - target: {fileID: 8863122276622690374, guid: 1f3d072fde9548c4a8ac819eca396b0a, type: 3}
      propertyPath: m_RootOrder
      value: 3
      objectReference: {fileID: 0}
    - target: {fileID: 8863122276622690374, guid: 1f3d072fde9548c4a8ac819eca396b0a, type: 3}
      propertyPath: m_LocalPosition.x
      value: 2.1463532
      objectReference: {fileID: 0}
    - target: {fileID: 8863122276622690374, guid: 1f3d072fde9548c4a8ac819eca396b0a, type: 3}
      propertyPath: m_LocalPosition.y
      value: -9.192288
      objectReference: {fileID: 0}
    - target: {fileID: 8863122276622690374, guid: 1f3d072fde9548c4a8ac819eca396b0a, type: 3}
      propertyPath: m_LocalPosition.z
      value: 17.262589
      objectReference: {fileID: 0}
    - target: {fileID: 8863122276622690374, guid: 1f3d072fde9548c4a8ac819eca396b0a, type: 3}
      propertyPath: m_LocalRotation.w
      value: 1
      objectReference: {fileID: 0}
    - target: {fileID: 8863122276622690374, guid: 1f3d072fde9548c4a8ac819eca396b0a, type: 3}
      propertyPath: m_LocalRotation.x
      value: -0
      objectReference: {fileID: 0}
    - target: {fileID: 8863122276622690374, guid: 1f3d072fde9548c4a8ac819eca396b0a, type: 3}
      propertyPath: m_LocalRotation.y
      value: -0
      objectReference: {fileID: 0}
    - target: {fileID: 8863122276622690374, guid: 1f3d072fde9548c4a8ac819eca396b0a, type: 3}
      propertyPath: m_LocalRotation.z
      value: -0
      objectReference: {fileID: 0}
    - target: {fileID: 8863122276622690374, guid: 1f3d072fde9548c4a8ac819eca396b0a, type: 3}
      propertyPath: m_LocalEulerAnglesHint.x
      value: 0
      objectReference: {fileID: 0}
    - target: {fileID: 8863122276622690374, guid: 1f3d072fde9548c4a8ac819eca396b0a, type: 3}
      propertyPath: m_LocalEulerAnglesHint.y
      value: 0
      objectReference: {fileID: 0}
    - target: {fileID: 8863122276622690374, guid: 1f3d072fde9548c4a8ac819eca396b0a, type: 3}
      propertyPath: m_LocalEulerAnglesHint.z
      value: 0
      objectReference: {fileID: 0}
    - target: {fileID: 8863122276622690490, guid: 1f3d072fde9548c4a8ac819eca396b0a, type: 3}
      propertyPath: m_Name
      value: DiamondItem (6)
      objectReference: {fileID: 0}
    m_RemovedComponents: []
  m_SourcePrefab: {fileID: 100100000, guid: 1f3d072fde9548c4a8ac819eca396b0a, type: 3}
--- !u!4 &1938771200 stripped
Transform:
  m_CorrespondingSourceObject: {fileID: 8863122276622690374, guid: 1f3d072fde9548c4a8ac819eca396b0a, type: 3}
  m_PrefabInstance: {fileID: 1938771199}
  m_PrefabAsset: {fileID: 0}
--- !u!1001 &1955474416
PrefabInstance:
  m_ObjectHideFlags: 0
  serializedVersion: 2
  m_Modification:
    m_TransformParent: {fileID: 1683699147}
    m_Modifications:
    - target: {fileID: 8863122276622690374, guid: 1f3d072fde9548c4a8ac819eca396b0a, type: 3}
      propertyPath: m_RootOrder
      value: 2
      objectReference: {fileID: 0}
    - target: {fileID: 8863122276622690374, guid: 1f3d072fde9548c4a8ac819eca396b0a, type: 3}
      propertyPath: m_LocalPosition.x
      value: -2.4363096
      objectReference: {fileID: 0}
    - target: {fileID: 8863122276622690374, guid: 1f3d072fde9548c4a8ac819eca396b0a, type: 3}
      propertyPath: m_LocalPosition.y
      value: -9.192288
      objectReference: {fileID: 0}
    - target: {fileID: 8863122276622690374, guid: 1f3d072fde9548c4a8ac819eca396b0a, type: 3}
      propertyPath: m_LocalPosition.z
      value: 14.169129
      objectReference: {fileID: 0}
    - target: {fileID: 8863122276622690374, guid: 1f3d072fde9548c4a8ac819eca396b0a, type: 3}
      propertyPath: m_LocalRotation.w
      value: 1
      objectReference: {fileID: 0}
    - target: {fileID: 8863122276622690374, guid: 1f3d072fde9548c4a8ac819eca396b0a, type: 3}
      propertyPath: m_LocalRotation.x
      value: -0
      objectReference: {fileID: 0}
    - target: {fileID: 8863122276622690374, guid: 1f3d072fde9548c4a8ac819eca396b0a, type: 3}
      propertyPath: m_LocalRotation.y
      value: -0
      objectReference: {fileID: 0}
    - target: {fileID: 8863122276622690374, guid: 1f3d072fde9548c4a8ac819eca396b0a, type: 3}
      propertyPath: m_LocalRotation.z
      value: -0
      objectReference: {fileID: 0}
    - target: {fileID: 8863122276622690374, guid: 1f3d072fde9548c4a8ac819eca396b0a, type: 3}
      propertyPath: m_LocalEulerAnglesHint.x
      value: 0
      objectReference: {fileID: 0}
    - target: {fileID: 8863122276622690374, guid: 1f3d072fde9548c4a8ac819eca396b0a, type: 3}
      propertyPath: m_LocalEulerAnglesHint.y
      value: 0
      objectReference: {fileID: 0}
    - target: {fileID: 8863122276622690374, guid: 1f3d072fde9548c4a8ac819eca396b0a, type: 3}
      propertyPath: m_LocalEulerAnglesHint.z
      value: 0
      objectReference: {fileID: 0}
    - target: {fileID: 8863122276622690490, guid: 1f3d072fde9548c4a8ac819eca396b0a, type: 3}
      propertyPath: m_Name
      value: DiamondItem (7)
      objectReference: {fileID: 0}
    m_RemovedComponents: []
  m_SourcePrefab: {fileID: 100100000, guid: 1f3d072fde9548c4a8ac819eca396b0a, type: 3}
--- !u!4 &1955474417 stripped
Transform:
  m_CorrespondingSourceObject: {fileID: 8863122276622690374, guid: 1f3d072fde9548c4a8ac819eca396b0a, type: 3}
  m_PrefabInstance: {fileID: 1955474416}
  m_PrefabAsset: {fileID: 0}
--- !u!1 &2071470650
GameObject:
  m_ObjectHideFlags: 3
  m_CorrespondingSourceObject: {fileID: 0}
  m_PrefabInstance: {fileID: 0}
  m_PrefabAsset: {fileID: 0}
  serializedVersion: 6
  m_Component:
  - component: {fileID: 2071470651}
  - component: {fileID: 2071470654}
  - component: {fileID: 2071470653}
  - component: {fileID: 2071470652}
  m_Layer: 0
  m_Name: cm
  m_TagString: Untagged
  m_Icon: {fileID: 0}
  m_NavMeshLayer: 0
  m_StaticEditorFlags: 0
  m_IsActive: 1
--- !u!4 &2071470651
Transform:
  m_ObjectHideFlags: 3
  m_CorrespondingSourceObject: {fileID: 0}
  m_PrefabInstance: {fileID: 0}
  m_PrefabAsset: {fileID: 0}
  m_GameObject: {fileID: 2071470650}
  m_LocalRotation: {x: 0.18079887, y: -0.8012259, z: 0.29775706, w: -0.48650756}
  m_LocalPosition: {x: 3.5076528, y: -0.0027856827, z: 31.875574}
  m_LocalScale: {x: 1, y: 1, z: 1}
  m_ConstrainProportionsScale: 0
  m_Children: []
  m_Father: {fileID: 711940776}
  m_RootOrder: 0
  m_LocalEulerAnglesHint: {x: 0, y: 0, z: 0}
--- !u!114 &2071470652
MonoBehaviour:
  m_ObjectHideFlags: 3
  m_CorrespondingSourceObject: {fileID: 0}
  m_PrefabInstance: {fileID: 0}
  m_PrefabAsset: {fileID: 0}
  m_GameObject: {fileID: 2071470650}
  m_Enabled: 1
  m_EditorHideFlags: 0
  m_Script: {fileID: 11500000, guid: fa7155796051b734daa718462081dc5f, type: 3}
  m_Name: 
  m_EditorClassIdentifier: 
  m_BindingMode: 4
  m_FollowOffset: {x: 0, y: 3.409052, z: -4.6331263}
  m_XDamping: 1
  m_YDamping: 1
  m_ZDamping: 1
  m_AngularDampingMode: 0
  m_PitchDamping: 0
  m_YawDamping: 0
  m_RollDamping: 0
  m_AngularDamping: 0
--- !u!114 &2071470653
MonoBehaviour:
  m_ObjectHideFlags: 3
  m_CorrespondingSourceObject: {fileID: 0}
  m_PrefabInstance: {fileID: 0}
  m_PrefabAsset: {fileID: 0}
  m_GameObject: {fileID: 2071470650}
  m_Enabled: 1
  m_EditorHideFlags: 0
  m_Script: {fileID: 11500000, guid: f4044717213e31446939f7bd49c896ea, type: 3}
  m_Name: 
  m_EditorClassIdentifier: 
  m_TrackedObjectOffset: {x: 0, y: 0, z: 0}
  m_LookaheadTime: 0
  m_LookaheadSmoothing: 0
  m_LookaheadIgnoreY: 0
  m_HorizontalDamping: 0.5
  m_VerticalDamping: 0.5
  m_ScreenX: 0.5
  m_ScreenY: 0.5
  m_DeadZoneWidth: 0
  m_DeadZoneHeight: 0
  m_SoftZoneWidth: 0.8
  m_SoftZoneHeight: 0.8
  m_BiasX: 0
  m_BiasY: 0
  m_CenterOnActivate: 1
--- !u!114 &2071470654
MonoBehaviour:
  m_ObjectHideFlags: 3
  m_CorrespondingSourceObject: {fileID: 0}
  m_PrefabInstance: {fileID: 0}
  m_PrefabAsset: {fileID: 0}
  m_GameObject: {fileID: 2071470650}
  m_Enabled: 1
  m_EditorHideFlags: 0
  m_Script: {fileID: 11500000, guid: ac0b09e7857660247b1477e93731de29, type: 3}
  m_Name: 
  m_EditorClassIdentifier: 
--- !u!1 &2116634684
GameObject:
  m_ObjectHideFlags: 0
  m_CorrespondingSourceObject: {fileID: 0}
  m_PrefabInstance: {fileID: 0}
  m_PrefabAsset: {fileID: 0}
  serializedVersion: 6
  m_Component:
  - component: {fileID: 2116634686}
  - component: {fileID: 2116634685}
  m_Layer: 0
  m_Name: Prefab Launcher
  m_TagString: Untagged
  m_Icon: {fileID: 0}
  m_NavMeshLayer: 0
  m_StaticEditorFlags: 0
  m_IsActive: 1
--- !u!114 &2116634685
MonoBehaviour:
  m_ObjectHideFlags: 0
  m_CorrespondingSourceObject: {fileID: 0}
  m_PrefabInstance: {fileID: 0}
  m_PrefabAsset: {fileID: 0}
  m_GameObject: {fileID: 2116634684}
  m_Enabled: 1
  m_EditorHideFlags: 0
  m_Script: {fileID: 11500000, guid: e1de2f87c16dd4f45bf2a40350711261, type: 3}
  m_Name: 
  m_EditorClassIdentifier: 
  m_Interval: 1.2
  m_PrefabToBeLaunched: {fileID: 6504829774250872069, guid: 42ba3206b3351b84985e6b8b14d6629b, type: 3}
  m_Power: 10
--- !u!4 &2116634686
Transform:
  m_ObjectHideFlags: 0
  m_CorrespondingSourceObject: {fileID: 0}
  m_PrefabInstance: {fileID: 0}
  m_PrefabAsset: {fileID: 0}
  m_GameObject: {fileID: 2116634684}
  m_LocalRotation: {x: 0, y: 0, z: 0, w: 1}
  m_LocalPosition: {x: 5.667, y: 4.58, z: 7.61}
  m_LocalScale: {x: 1, y: 1, z: 1}
  m_ConstrainProportionsScale: 0
  m_Children: []
  m_Father: {fileID: 0}
  m_RootOrder: 10
  m_LocalEulerAnglesHint: {x: 0, y: 0, z: 0}
--- !u!1001 &1508413395721581983
PrefabInstance:
  m_ObjectHideFlags: 0
  serializedVersion: 2
  m_Modification:
    m_TransformParent: {fileID: 0}
    m_Modifications:
    - target: {fileID: 1249508876161823468, guid: d8dd705b5d428dd46923e5f07d9398bb, type: 3}
      propertyPath: m_Name
      value: Cylinder
      objectReference: {fileID: 0}
    - target: {fileID: 4435105293212287604, guid: d8dd705b5d428dd46923e5f07d9398bb, type: 3}
      propertyPath: m_RootOrder
      value: 8
      objectReference: {fileID: 0}
    - target: {fileID: 4435105293212287604, guid: d8dd705b5d428dd46923e5f07d9398bb, type: 3}
      propertyPath: m_LocalPosition.x
      value: 9.64
      objectReference: {fileID: 0}
    - target: {fileID: 4435105293212287604, guid: d8dd705b5d428dd46923e5f07d9398bb, type: 3}
      propertyPath: m_LocalPosition.y
      value: 4.41
      objectReference: {fileID: 0}
    - target: {fileID: 4435105293212287604, guid: d8dd705b5d428dd46923e5f07d9398bb, type: 3}
      propertyPath: m_LocalPosition.z
      value: 5.86
      objectReference: {fileID: 0}
    - target: {fileID: 4435105293212287604, guid: d8dd705b5d428dd46923e5f07d9398bb, type: 3}
      propertyPath: m_LocalRotation.w
      value: 1
      objectReference: {fileID: 0}
    - target: {fileID: 4435105293212287604, guid: d8dd705b5d428dd46923e5f07d9398bb, type: 3}
      propertyPath: m_LocalRotation.x
      value: 0
      objectReference: {fileID: 0}
    - target: {fileID: 4435105293212287604, guid: d8dd705b5d428dd46923e5f07d9398bb, type: 3}
      propertyPath: m_LocalRotation.y
      value: 0
      objectReference: {fileID: 0}
    - target: {fileID: 4435105293212287604, guid: d8dd705b5d428dd46923e5f07d9398bb, type: 3}
      propertyPath: m_LocalRotation.z
      value: 0
      objectReference: {fileID: 0}
    - target: {fileID: 4435105293212287604, guid: d8dd705b5d428dd46923e5f07d9398bb, type: 3}
      propertyPath: m_LocalEulerAnglesHint.x
      value: 0
      objectReference: {fileID: 0}
    - target: {fileID: 4435105293212287604, guid: d8dd705b5d428dd46923e5f07d9398bb, type: 3}
      propertyPath: m_LocalEulerAnglesHint.y
      value: 0
      objectReference: {fileID: 0}
    - target: {fileID: 4435105293212287604, guid: d8dd705b5d428dd46923e5f07d9398bb, type: 3}
      propertyPath: m_LocalEulerAnglesHint.z
      value: 0
      objectReference: {fileID: 0}
    m_RemovedComponents: []
  m_SourcePrefab: {fileID: 100100000, guid: d8dd705b5d428dd46923e5f07d9398bb, type: 3}
--- !u!1001 &6719758637189634136
PrefabInstance:
  m_ObjectHideFlags: 0
  serializedVersion: 2
  m_Modification:
    m_TransformParent: {fileID: 1714138583}
    m_Modifications:
    - target: {fileID: 6719758636388770996, guid: cced0a68ef9904f468b756049396c021, type: 3}
      propertyPath: m_RootOrder
      value: 9
      objectReference: {fileID: 0}
    - target: {fileID: 6719758636388770996, guid: cced0a68ef9904f468b756049396c021, type: 3}
      propertyPath: m_LocalScale.y
      value: 0.10000001
      objectReference: {fileID: 0}
    - target: {fileID: 6719758636388770996, guid: cced0a68ef9904f468b756049396c021, type: 3}
      propertyPath: m_LocalPosition.x
      value: 4.969447
      objectReference: {fileID: 0}
    - target: {fileID: 6719758636388770996, guid: cced0a68ef9904f468b756049396c021, type: 3}
      propertyPath: m_LocalPosition.y
      value: -8.403236
      objectReference: {fileID: 0}
    - target: {fileID: 6719758636388770996, guid: cced0a68ef9904f468b756049396c021, type: 3}
      propertyPath: m_LocalPosition.z
      value: 14.851841
      objectReference: {fileID: 0}
    - target: {fileID: 6719758636388770996, guid: cced0a68ef9904f468b756049396c021, type: 3}
      propertyPath: m_LocalRotation.w
      value: 0.7071068
      objectReference: {fileID: 0}
    - target: {fileID: 6719758636388770996, guid: cced0a68ef9904f468b756049396c021, type: 3}
      propertyPath: m_LocalRotation.x
      value: 0.7071068
      objectReference: {fileID: 0}
    - target: {fileID: 6719758636388770996, guid: cced0a68ef9904f468b756049396c021, type: 3}
      propertyPath: m_LocalRotation.y
      value: -0
      objectReference: {fileID: 0}
    - target: {fileID: 6719758636388770996, guid: cced0a68ef9904f468b756049396c021, type: 3}
      propertyPath: m_LocalRotation.z
      value: -0
      objectReference: {fileID: 0}
    - target: {fileID: 6719758636388770996, guid: cced0a68ef9904f468b756049396c021, type: 3}
      propertyPath: m_LocalEulerAnglesHint.x
      value: 90
      objectReference: {fileID: 0}
    - target: {fileID: 6719758636388770996, guid: cced0a68ef9904f468b756049396c021, type: 3}
      propertyPath: m_LocalEulerAnglesHint.y
      value: 0
      objectReference: {fileID: 0}
    - target: {fileID: 6719758636388770996, guid: cced0a68ef9904f468b756049396c021, type: 3}
      propertyPath: m_LocalEulerAnglesHint.z
      value: 0
      objectReference: {fileID: 0}
    - target: {fileID: 6719758636388771006, guid: cced0a68ef9904f468b756049396c021, type: 3}
      propertyPath: m_Name
      value: CoinItem
      objectReference: {fileID: 0}
    m_RemovedComponents: []
  m_SourcePrefab: {fileID: 100100000, guid: cced0a68ef9904f468b756049396c021, type: 3}
--- !u!1001 &8753710870102451485
PrefabInstance:
  m_ObjectHideFlags: 0
  serializedVersion: 2
  m_Modification:
    m_TransformParent: {fileID: 0}
    m_Modifications:
    - target: {fileID: 8753710870953773458, guid: 1a332834b4168bd4583bc9321aab6ef9, type: 3}
      propertyPath: m_RootOrder
      value: 4
      objectReference: {fileID: 0}
    - target: {fileID: 8753710870953773458, guid: 1a332834b4168bd4583bc9321aab6ef9, type: 3}
      propertyPath: m_LocalPosition.x
      value: -2.3864155
      objectReference: {fileID: 0}
    - target: {fileID: 8753710870953773458, guid: 1a332834b4168bd4583bc9321aab6ef9, type: 3}
      propertyPath: m_LocalPosition.y
      value: 2.4609482
      objectReference: {fileID: 0}
    - target: {fileID: 8753710870953773458, guid: 1a332834b4168bd4583bc9321aab6ef9, type: 3}
      propertyPath: m_LocalPosition.z
      value: 1.3679
      objectReference: {fileID: 0}
    - target: {fileID: 8753710870953773458, guid: 1a332834b4168bd4583bc9321aab6ef9, type: 3}
      propertyPath: m_LocalRotation.w
      value: 1
      objectReference: {fileID: 0}
    - target: {fileID: 8753710870953773458, guid: 1a332834b4168bd4583bc9321aab6ef9, type: 3}
      propertyPath: m_LocalRotation.x
      value: 0
      objectReference: {fileID: 0}
    - target: {fileID: 8753710870953773458, guid: 1a332834b4168bd4583bc9321aab6ef9, type: 3}
      propertyPath: m_LocalRotation.y
      value: 0
      objectReference: {fileID: 0}
    - target: {fileID: 8753710870953773458, guid: 1a332834b4168bd4583bc9321aab6ef9, type: 3}
      propertyPath: m_LocalRotation.z
      value: 0
      objectReference: {fileID: 0}
    - target: {fileID: 8753710870953773458, guid: 1a332834b4168bd4583bc9321aab6ef9, type: 3}
      propertyPath: m_LocalEulerAnglesHint.x
      value: 0
      objectReference: {fileID: 0}
    - target: {fileID: 8753710870953773458, guid: 1a332834b4168bd4583bc9321aab6ef9, type: 3}
      propertyPath: m_LocalEulerAnglesHint.y
      value: 0
      objectReference: {fileID: 0}
    - target: {fileID: 8753710870953773458, guid: 1a332834b4168bd4583bc9321aab6ef9, type: 3}
      propertyPath: m_LocalEulerAnglesHint.z
      value: 0
      objectReference: {fileID: 0}
    - target: {fileID: 8753710870953773462, guid: 1a332834b4168bd4583bc9321aab6ef9, type: 3}
      propertyPath: m_Name
      value: Cube
      objectReference: {fileID: 0}
    m_RemovedComponents: []
  m_SourcePrefab: {fileID: 100100000, guid: 1a332834b4168bd4583bc9321aab6ef9, type: 3}
--- !u!1001 &8863122276288157125
PrefabInstance:
  m_ObjectHideFlags: 0
  serializedVersion: 2
  m_Modification:
    m_TransformParent: {fileID: 1683699147}
    m_Modifications:
    - target: {fileID: 8863122276622690374, guid: 1f3d072fde9548c4a8ac819eca396b0a, type: 3}
      propertyPath: m_RootOrder
      value: 9
      objectReference: {fileID: 0}
    - target: {fileID: 8863122276622690374, guid: 1f3d072fde9548c4a8ac819eca396b0a, type: 3}
      propertyPath: m_LocalPosition.x
      value: 10.909448
      objectReference: {fileID: 0}
    - target: {fileID: 8863122276622690374, guid: 1f3d072fde9548c4a8ac819eca396b0a, type: 3}
      propertyPath: m_LocalPosition.y
      value: -8.423237
      objectReference: {fileID: 0}
    - target: {fileID: 8863122276622690374, guid: 1f3d072fde9548c4a8ac819eca396b0a, type: 3}
      propertyPath: m_LocalPosition.z
      value: 13.5818405
      objectReference: {fileID: 0}
    - target: {fileID: 8863122276622690374, guid: 1f3d072fde9548c4a8ac819eca396b0a, type: 3}
      propertyPath: m_LocalRotation.w
      value: 1
      objectReference: {fileID: 0}
    - target: {fileID: 8863122276622690374, guid: 1f3d072fde9548c4a8ac819eca396b0a, type: 3}
      propertyPath: m_LocalRotation.x
      value: -0
      objectReference: {fileID: 0}
    - target: {fileID: 8863122276622690374, guid: 1f3d072fde9548c4a8ac819eca396b0a, type: 3}
      propertyPath: m_LocalRotation.y
      value: -0
      objectReference: {fileID: 0}
    - target: {fileID: 8863122276622690374, guid: 1f3d072fde9548c4a8ac819eca396b0a, type: 3}
      propertyPath: m_LocalRotation.z
      value: -0
      objectReference: {fileID: 0}
    - target: {fileID: 8863122276622690374, guid: 1f3d072fde9548c4a8ac819eca396b0a, type: 3}
      propertyPath: m_LocalEulerAnglesHint.x
      value: 0
      objectReference: {fileID: 0}
    - target: {fileID: 8863122276622690374, guid: 1f3d072fde9548c4a8ac819eca396b0a, type: 3}
      propertyPath: m_LocalEulerAnglesHint.y
      value: 0
      objectReference: {fileID: 0}
    - target: {fileID: 8863122276622690374, guid: 1f3d072fde9548c4a8ac819eca396b0a, type: 3}
      propertyPath: m_LocalEulerAnglesHint.z
      value: 0
      objectReference: {fileID: 0}
    - target: {fileID: 8863122276622690490, guid: 1f3d072fde9548c4a8ac819eca396b0a, type: 3}
      propertyPath: m_Name
      value: DiamondItem
      objectReference: {fileID: 0}
    m_RemovedComponents: []
  m_SourcePrefab: {fileID: 100100000, guid: 1f3d072fde9548c4a8ac819eca396b0a, type: 3}
